3620 5428
776 575 826 630 Ao
844 587 1015 632 Lscronuu
1456 589 1474 646 7
1500 579 1509 648 'j

271 723 354 808 prio
370 745 511 792 numero
528 726 563 792 in
584 725 785 794 continuata
800 725 1020 813 epistolarum
1037 727 1125 796 serie
1140 726 1415 815 distinguuntur.
1432 730 1510 816 Jam

272 861 373 921 vero,
396 861 474 907 cum
495 843 545 908 ad
559 841 795 909 illustrandam
817 841 965 927 aliquam
993 840 1170 928 epistolam
1191 841 1258 910 illis
1278 844 1509 912 monumentis

271 956 406 1022 utimur
423 958 477 1023 vel
493 958 535 1024 ad
552 979 593 1024 ea
606 958 771 1026 lectorem
784 949 1001 1045 remittimuS,
1016 958 1193 1027 brevitatis
1209 958 1311 1026 simul
1324 981 1363 1027 ac
1375 961 1509 1046 perspi-

271 1071 416 1139 cuitatis
432 1093 549 1154 causa,
568 1084 603 1140 et
620 1073 700 1158 quia
721 1075 854 1141 nullum
875 1073 956 1141 inde
976 1073 1129 1140 nascitur
1152 1074 1417 1156 incommodum,
1438 1076 1509 1142 for-

271 1189 403 1255 mulam
427 1189 518 1256 illam
548 1211 712 1276 usurpare
732 1191 899 1257 solemus:
927 1189 1036 1258 «Vide
1057 1189 1316 1276 epistolam...»;
1339 1192 1506 1276 quamviS,

270 1302 327 1369 uti
344 1304 555 1385 dicebamuS,
573 1314 847 1384 monumentum,
866 1304 924 1370 illo
944 1325 1089 1373 numero
1110 1304 1341 1392 designatum,
1365 1283 1509 1392 epistola

272 1420 414 1506 proprie
433 1420 573 1486 nonsit.

344 1535 471 1602 Eadem
488 1535 591 1603 etiam
608 1535 786 1604 brevitatis
800 1557 917 1620 causa,
936 1557 1015 1602 cum
1036 1536 1071 1602 in
1088 1535 1196 1622 prima
1212 1535 1431 1622 epistolarum
1448 1559 1507 1603 an·

271 1652 452 1718 notatione
475 1652 655 1719 formulam
678 1651 768 1718 illam
791 1650 1063 1736 frequentissime
1084 1651 1298 1720 adhibemus:
1325 1653 1507 1740 «Scriptio-

272 1767 330 1834 nis
351 1780 484 1852 tempus
500 1778 637 1833 constat
658 1789 700 1835 ex
722 1767 868 1853 epistola
886 1767 970 1834 8...»
989 1769 1044 1834 vel
1065 1765 1148 1853 quid
1168 1766 1291 1849 simile,
1311 1767 1507 1854 significare

271 1883 446 1963 volumus,
471 1882 506 1947 in
527 1865 671 1968 epistola
697 1881 770 1949 sive
791 1892 1015 1950 monumento
1043 1905 1077 1947 n.
1102 1883 1122 1948 8
1150 1881 1330 1969 perspicue
1351 1883 1504 1966 indicari,

271 2019 345 2064 non
366 1997 517 2083 praecise
540 1998 647 2083 diem,
670 2019 738 2083 quo
761 1998 904 2084 epistola
922 2010 1060 2066 exarata
1081 1998 1162 2079 fuit,
1187 1999 1248 2064 sed
1271 1998 1507 2066 collectionem

272 2113 508 2200 epistolarum,
526 2113 562 2179 in
579 2135 647 2198 qua
662 2111 720 2179 illa
737 2111 917 2199 reperitur,
935 2113 993 2180 tati
1013 2113 1069 2182 die
1084 2112 1222 2180 missam
1240 2111 1357 2182 fuisse.

341 2229 470 2314 Atque,
489 2228 629 2326 quiade
650 2239 803 2314 tempore
822 2227 943 2294 incidit
964 2227 1104 2308 mentio,
1131 2248 1200 2313 quo
1223 2227 1387 2314 epistolae
1406 2229 1507 2296 datae

271 2355 368 2424 sunt,
391 2343 475 2410 illud
495 2344 708 2415 admonitum
729 2344 892 2411 lectorem
913 2345 1086 2423 volumus,
1109 2345 1273 2429 quasdam
1295 2365 1358 2411 nos
1381 2345 1506 2412 habere

272 2460 340 2529 Sti.
361 2445 518 2527 Parentis
535 2459 709 2546 epistolaS,
729 2459 859 2546 incerto
877 2468 1029 2546 tempore
1045 2459 1201 2546 scriptas,
1220 2459 1263 2526 ab
1276 2459 1349 2526 aliis
1360 2460 1506 2546 scripto·

273 2575 370 2642 ribus
387 2575 477 2644 inter
498 2599 568 2656 eaS,
587 2597 674 2662 quas
696 2575 768 2661 jam
789 2575 971 2655 edidimus
990 2576 1186 2642 collocatas.
1210 2577 1287 2642 lllas
1307 2577 1350 2642 ad
1378 2578 1506 2644 calcem

271 2691 457 2758 voluminis
479 2691 632 2777 rejicere,
651 2701 711 2758 aut
731 2673 777 2758 en⁸
795 2689 861 2757 illis
881 2689 1036 2775 aliisque,
1059 2691 1103 2757 ad
1124 2713 1187 2758 nos
1214 2713 1291 2760 sero
1315 2690 1500 2778 perventio,

273 2807 511 2894 Appendicem
527 2809 688 2886 conflare,
704 2807 835 2873 nullum
850 2806 971 2874 fuisset
984 2805 1173 2892 negotium
1189 2819 1224 2873 at
1240 2807 1421 2874 maluimus
1434 2819 1503 2874 tam

223 2999 230 3014 ,
272 2921 360 3003 illas,
376 2943 464 3006 quae
480 2923 611 2991 incerta
627 2923 707 2991 serie
723 2933 907 3010 vagantur,
921 2943 1024 3008 quam
1037 2921 1131 3003 aliaS,
1146 2943 1234 3008 quae
1248 2925 1334 2989 forte
1351 2933 1504 3008 praeter-

271 3037 397 3106 missae
417 3051 516 3118 sunt,
542 3039 585 3105 ad
611 3049 799 3105 extremum
825 3059 911 3123 opus
931 3059 1118 3118 reservare,
1136 3049 1240 3122 atque
1267 3060 1310 3105 ex
1331 3039 1503 3121 omnibus,

271 3173 362 3237 quae
378 3165 508 3219 certam
526 3153 561 3219 in
577 3153 637 3219 illo
653 3153 769 3222 sedem
786 3163 846 3220 aut
863 3153 976 3218 locum
997 3174 1066 3218 non
1087 3153 1295 3236 habuerunt,
1313 3152 1504 3220 auctarium

271 3269 454 3337 conficere.

339 3385 525 3452 Caeterum
541 3384 732 3452 litterarum
750 3384 953 3470 compendia
969 3405 1009 3450 ac
1031 3395 1130 3452 notas
1158 3384 1370 3469 frequentius
1387 3384 1421 3452 in
1439 3387 1504 3450 hoc

188 3481 193 3489 ¹
269 3501 444 3568 volumine
462 3513 644 3587 usurpatas
660 3503 778 3582 habes,
793 3521 872 3566 cum
889 3521 1006 3568 earum
1023 3499 1318 3586 interpretatione,
1337 3501 1371 3566 in
1388 3502 1457 3570 vol.
1476 3502 1502 3582 I,

269 3637 354 3704 pau·
373 3633 426 3700 70.
