3620 5428
574 516 680 572 Enrsr.
703 511 948 583 1205.-31MAJ1
970 525 1038 583 1550

552 803 692 870 parm
716 669 931 872 cihudmo
950 804 1058 892 JAJO

628 949 717 992 1101111
736 935 768 990 31
789 947 859 1004 11151
880 947 949 1005 1550
968 939 987 990 ¹.

367 1051 405 1107 ut
423 1052 465 1106 acl
483 1052 672 1107 cardinalem
691 1056 899 1126 augustanum
917 1068 978 1106 sese
990 1049 1084 1123 Jojus
1102 1049 1250 1122 conserat.
1269 1053 1276 1068 ⁸

661 1201 664 1207 ·
799 1175 816 1228 †

769 1229 843 1315 Jhs

256 1361 383 1430 Gratia
400 1373 434 1429 et
449 1385 517 1449 pax
533 1367 577 1430 D.
596 1365 640 1430 N.
654 1365 738 1452 Jesu
756 1362 812 1430 X}
827 1362 863 1429 in
880 1363 978 1428 nobis
994 1373 1219 1430 conseruetur
1235 1383 1369 1448 semper
1386 1373 1421 1430 et

183 1489 378 1564 augeatur.
396 1481 521 1547 Amen.

259 1593 474 1663 Charissime
489 1593 523 1662 in
541 1593 606 1662 X.⁰
623 1597 740 1664 frater.
765 1593 961 1662 Meminisse
985 1603 1020 1660 te
1043 1595 1158 1675 credo,
1184 1614 1263 1660 cum
1287 1595 1417 1660 lllmus.

184 1709 263 1774 dux
291 1709 458 1776 Bouariae
479 1710 728 1790 Guilhielmus‚
753 1709 828 1796 piae
851 1708 1051 1789 memoriae,
1074 1710 1161 1775 duos
1182 1710 1225 1775 de
1248 1708 1420 1776 Societate

187 1835 326 1905 nostra,
357 1823 416 1908 qui
442 1825 650 1910 theologiam
677 1824 778 1890 isthic
805 1826 1060 1911 profiterentur,
1084 1845 1104 1889 a
1131 1824 1211 1890 sede
1234 1823 1422 1916 apostolica

189 1940 416 2021 obtinuisset,
436 1943 530 2026 Mag.
550 1942 733 2007 Alionsum
752 1942 998 2020 Salmeronem,
1017 1949 1051 2006 et
1069 1939 1163 2025 Mag.
1187 1941 1329 2005 Petrum
1352 1940 1421 2005 Ca-

188 2055 323 2121 nisium
341 2057 384 2121 ad
400 2055 435 2123 id
451 2077 577 2122 munus
593 2078 668 2123 esse
685 2057 847 2136 delectos
866 2065 900 2122 te
916 2075 998 2122 vero
1014 2055 1057 2121 ad
1073 2075 1207 2122 menses
1224 2053 1366 2140 aliquot,
1385 2064 1422 2118 vt

190 2170 283 2257 ipsis
303 2171 337 2236 in
354 2171 458 2238 initiis
479 2172 642 2238 fratribus
663 2171 775 2238 minus
798 2171 900 2238 isthic
917 2171 1007 2236 notis
1028 2172 1177 2250 adesseS,
1201 2169 1280 2236 duci
1302 2172 1329 2236 F
1332 2192 1424 2238 erra-

191 2285 268 2352 riae
288 2287 457 2368 renuenti,
476 2287 719 2368 substractum,
737 2309 777 2354 ac
794 2287 869 2354 viae
885 2287 1043 2354 comitem
1067 2297 1102 2354 et
1122 2287 1244 2352 ducem
1266 2307 1342 2354 esse
1363 2285 1424 2352 ad-

191 2404 354 2470 iunctum
378 2403 402 2468 ².
426 2405 474 2470 At
490 2425 573 2471 vero
597 2425 675 2470 cum
694 2405 812 2470 Rmus.
837 2403 1018 2469 cardinalis
1034 2409 1250 2488 augustanus
1268 2403 1278 2434 ³
1297 2403 1426 2468 Romae

192 2529 319 2606 ageret
336 2541 397 2606 per
408 2541 445 2586 se
458 2519 582 2606 ipsum,
596 2531 631 2586 et
644 2530 823 2604 postquam
836 2518 991 2598 recessit,
1006 2539 1067 2603 per
1080 2520 1216 2584 Rmum.
1232 2518 1334 2583 Card.
1352 2519 1425 2583 Ma-

194 2637 306 2715 feum,
326 2638 392 2701 hoc
407 2635 591 2721 diligenter
608 2655 747 2703 curasse
763 2634 947 2721 intelligas,
966 2644 1003 2698 vt
1019 2633 1084 2700 sibi
1101 2633 1143 2700 ad
1156 2653 1178 2715 4
1189 2634 1244 2701 vel
1257 2635 1278 2699 6
1291 2653 1427 2700 menses

194 2773 214 2817 a
238 2773 377 2816 summo
392 2751 554 2838 pontifice
570 2750 756 2818 donareris.
776 2751 878 2830 Sane,
902 2748 1059 2834 quamuis
1079 2747 1158 2815 duci
1179 2747 1368 2828 Ferrariae,
1395 2760 1428 2817 tc

195 2876 356 2933 amanter
377 2866 579 2952 requirenti,
601 2867 775 2952 denegare
795 2875 829 2932 te
849 2863 931 2931 mihi
952 2864 1098 2944 licuerit,
1122 2877 1159 2930 vt
1176 2863 1277 2930 isthic
1297 2863 1428 2929 diutius

195 3003 340 3050 manere
360 3003 492 3067 possea,
516 2981 607 3049 sedis
629 2981 837 3067 apostolicae
859 2981 1019 3046 mandato
1041 2979 1180 3048 obedire
1205 2978 1344 3045 omnino
1366 3001 1426 3045 ne·

196 3119 298 3166 cesse
319 3095 397 3164 fuit.
423 3098 517 3183 Ergo
538 3097 647 3184 primo
669 3117 806 3182 quoque
827 3107 979 3182 tempore
1000 3097 1089 3162 bona
1110 3116 1189 3162 cum
1206 3095 1306 3163 venia
1328 3093 1425 3161 lllmi.

196 3213 300 3279 ducis
316 3213 452 3280 Alberti
467 3223 502 3282 et
519 3212 723 3300 magnificae
739 3233 779 3278 ac
798 3211 1003 3278 venerabilis
1023 3210 1268 3293 vniuersitatis,
1291 3210 1427 3278 curabis

197 3331 242 3395 ad
260 3327 467 3396 cardinalem
485 3339 718 3414 augustanum
737 3327 780 3392 ad
796 3327 925 3412 aliquot
941 3347 1080 3398 menses
1093 3338 1125 3393 te
1146 3329 1315 3406 conferre,
1338 3326 1428 3394 redi·

200 3457 313 3524 turuS,
342 3443 371 3510 si
398 3444 447 3510 sic
475 3443 682 3528 disposuerit
709 3442 890 3524 Dominus,
920 3463 963 3510 eo
992 3453 1143 3527 tempore
1167 3442 1350 3527 Tilinguae
1372 3443 1428 3510 vel

200 3563 388 3646 Augustae
404 3571 537 3628 exacto.

269 3675 356 3742 Vale
372 3675 407 3740 in
424 3677 488 3742 X.⁰
506 3675 600 3761 Jesu,
620 3695 660 3740 ac
676 3673 745 3739 tuis
760 3685 795 3741 et
815 3676 958 3740 fratrum
979 3671 1191 3739 orationibus
1211 3693 1274 3738 nos
1295 3693 1432 3738 comen-

198 3792 245 3858 da
257 3793 346 3870 De0,
362 3789 462 3856 cuius
475 3790 640 3859 immensa
651 3800 687 3856 et
702 3773 836 3856 summa
852 3789 987 3854 bonitas
1000 3788 1162 3874 dignetur
1174 3788 1319 3873 gratiam
1332 3809 1428 3853 suam

200 3906 303 3972 nobis
315 3905 568 3972 communicare
581 3907 773 3986 affluenter,
789 3917 826 3970 vt
838 3904 1087 3972 sanctissimam
1100 3902 1207 3989 ipsius
1220 3904 1431 3970 voluntatem

201 4043 340 4107 semper
355 4021 390 4087 in
408 4020 507 4088 nobis
522 4013 721 4101 sentiamus
741 4033 775 4087 et
790 4021 933 4090 eandem
951 4019 1103 4106 perfecte
1119 4040 1340 4103 exequamur.

271 4137 402 4204 Romae
419 4155 458 4221 31
478 4135 559 4205 Maii
580 4153 672 4221 1550.

269 4255 301 4320 A
319 4259 427 4340 tergo,
444 4249 516 4318 alio
531 4275 651 4320 inanu.
671 4252 778 4338 Copia
794 4251 983 4321 litterarum
997 4253 1041 4318 ad
1053 4255 1097 4320 D.
1113 4250 1294 4320 Claudium
1304 4250 1430 4340 Jaium.

257 4476 264 4508 ¹
303 4475 347 4528 Ex
360 4471 537 4529 adversariis
554 4474 743 4546 autographis
762 4475 794 4530 P.
814 4472 944 4544 Polemi,
963 4473 993 4529 iu
1010 4473 1113 4529 codice
1130 4470 1228 4546 Epist.
1249 4473 1285 4527 P.
1305 4473 1434 4528 Polanci

201 4581 238 4620 cx
249 4581 370 4630 comm„
386 4575 398 4618 1
413 4562 477 4632 fol„
492 4581 521 4618 n.
538 4561 600 4634 134,
614 4563 694 4635 prius
710 4563 771 4620 138.

256 4657 269 4688 ²
306 4651 383 4708 Vide
397 4653 537 4726 epistolas
551 4665 613 4722 577,
626 4653 692 4722 607,
705 4650 770 4724 623,
783 4659 841 4712 etc.

258 4741 270 4776 ⁵
306 4739 380 4799 Otto
392 4741 613 4797 Truchsessius.
