3454 5418
413 450 468 520 656
795 451 1005 507 nonnarum
1025 451 1206 508 lesinam

379 603 570 673 committet
587 603 610 670 ³.
630 605 698 672 Hic
715 615 848 673 tantum
865 604 900 672 id
916 605 1041 672 dicam:
1060 606 1165 692 quod,
1183 617 1351 691 quantum
1368 606 1403 672 in
1420 629 1474 678 me
1493 607 1589 688 fuerit,

379 722 562 788 ostendere
589 721 625 787 in
645 719 760 788 animo
787 722 898 788 habeo
925 721 1076 788 studium
1104 731 1139 790 et
1167 721 1421 790 obseruantiam
1450 723 1483 788 in
1512 735 1588 790 tuam

379 835 519 904 Eaedem
531 848 566 905 et
578 838 719 904 lllmam.
735 836 875 902 domum
887 858 997 918 suam,
1011 858 1114 922 quam
1126 836 1286 904 dominus
1297 841 1401 926 Jesus
1417 839 1500 920 X.²¹⁵‚
1512 841 1590 906 salus

380 964 508 1035 nostra,
526 963 642 1021 seruet
659 952 877 1035 ineolumem,
891 953 1092 1020 etomnium
1105 953 1276 1021 bonorum
1288 975 1429 1021 suorum
1448 955 1589 1041 spiritua·

379 1071 461 1138 lium
479 1080 680 1158 promoueat
696 1069 905 1156 augmentis.

446 1189 575 1255 Romae
592 1205 633 1253 22
650 1185 862 1273 Septembris
882 1201 981 1271 1551.

444 1305 474 1370 A
493 1309 603 1391 tergo.
621 1301 729 1390 Copia
746 1302 788 1369 de
805 1324 872 1368 vna
888 1325 971 1388 para
987 1304 1018 1372 el
1035 1304 1151 1388 duque
1166 1305 1211 1371 de
1227 1305 1372 1370 Bebera.

940 1474 1046 1556 2078

801 1618 914 1686 DUCI
939 1613 1183 1686 BAVARIAE

734 1772 822 1814 aona
848 1773 883 1814 22
907 1771 1104 1816 septennem
1131 1771 1197 1830 1551
1226 1760 1249 1814 ¹.

377 1887 571 1958 Argumenta
581 1884 713 1957 profert,
726 1887 853 1956 propter
869 1901 956 1955 quae,
976 1885 1140 1940 secundum
1155 1885 1315 1941 societatis
1326 1885 1497 1940 institutum
1513 1885 1589 1940 acle·

426 1993 493 2046 ges,
505 1978 632 2045 nequeat
645 1975 807 2028 admittere
823 1971 967 2028 Canisiaes
974 1973 1180 2028 sacerdotium
1191 1991 1228 2029 ac
1237 1989 1350 2028 munus
1362 1973 1588 2046 ingolstadiensis

428 2062 615 2128 academiae,
628 2064 707 2134 quod
716 2063 860 2118 Albertus
869 2061 1012 2134 princeps
1021 2063 1117 2118 eidem
1127 2063 1268 2129 conferre
1278 2063 1461 2122 decreverat.
1475 2061 1527 2118 Res
1537 2067 1587 2116 tota

428 2151 596 2224 splendidis
605 2151 750 2223 exemplis
761 2150 990 2206 illustratam-
996 2151 1083 2216 Tum,
1093 2155 1183 2222 capta
1192 2151 1357 2216 occasione,
1367 2151 1509 2222 optimam
1517 2152 1586 2206 omn

429 2242 618 2296 demonstrat
642 2239 910 2314 ingolstadiensem
935 2242 1126 2296 academiam
1151 2241 1336 2313 adjuvandi,
1361 2259 1429 2296 eam
1456 2242 1586 2296 nimirum

428 2349 503 2402 quae
525 2329 688 2401 Gulielmo,
709 2329 826 2385 Alberti
839 2331 941 2401 patri,
958 2331 1033 2385 olim
1050 2330 1335 2402 demonstratafuit
1347 2337 1377 2387 et
1389 2331 1531 2387 abeodem
1544 2335 1585 2401 ap

424 2420 566 2492 probata,
579 2420 801 2475 institutionem
814 2419 927 2475 scilicet
938 2419 1061 2493 collegii
1075 2421 1244 2486 Societatis,
1259 2421 1310 2476 ubi
1323 2438 1384 2476 non
1397 2422 1482 2476 modo
1496 2419 1586 2492 optimi

394 2565 401 2574 ,
427 2512 646 2580 praeceptores,
664 2509 716 2564 sed
734 2508 836 2564 idaim
852 2509 894 2564 ad
911 2511 1122 2581 capessendam
1136 2509 1319 2583 theologiam
1334 2510 1477 2583 discipuli
1487 2513 1586 2580 compa·

429 2603 550 2656 rentur.

947 2723 1032 2866 pis

741 2929 848 2996 lllrne.
868 2951 908 2996 ac
925 2931 1048 2998 Exc.¹¹²⁰
1064 2929 1234 3017 princeps

440 3047 581 3114 Summa
597 3045 708 3132 gratia
723 3055 758 3111 et
774 3067 869 3112 amor
885 3045 1022 3112 Domini
1040 3046 1147 3112 nostri
1163 3048 1248 3134 Jesu
1269 3045 1328 3113 X}
1347 3047 1472 3115 salutet
1491 3049 1527 3114 T.
1548 3047 1579 3112 E.

371 3173 406 3227 et
423 3161 657 3248 spiritualibus
672 3159 771 3227 donis
787 3181 922 3247 semper
938 3173 1076 3248 augeat.
1097 3163 1222 3229 Amen.

440 3277 605 3346 Redditae
618 3274 700 3341 mihi
713 3287 794 3342 sunt
807 3277 849 3343 T.
865 3277 904 3342 E.
920 3275 1067 3358 litterae,
1087 3277 1246 3364 princeps
1262 3277 1369 3344 Illme.
1386 3279 1410 3358 ³,
1429 3276 1462 3346 in
1478 3275 1583 3362 quibus

372 3391 488 3477 agitur
511 3392 554 3460 de
578 3391 857 3478 ingolstadiensis
884 3391 1116 3460 uniuersitatis
1144 3391 1474 3474 vicecancellarius
1498 3413 1581 3478 quen

370 3506 502 3573 doctori
520 3507 624 3573 Petro
639 3487 791 3586 Canisio,
811 3507 905 3573 fratri
922 3517 1052 3588 nostra,
1071 3529 1138 3575 vna
1155 3529 1234 3574 cum
1257 3509 1357 3578 anexi
1377 3507 1579 3576 canonicatus

370 3622 610 3688 emolumentis
627 3623 666 3689 li.
686 3624 727 3690 T.
746 3623 850 3691 vellet
866 3624 1033 3706 conferre3
1053 3645 1120 3708 qua
1132 3623 1261 3692 sanein
1276 3624 1467 3708 voluntate,
1481 3635 1513 3692 et
1523 3634 1580 3690 stu·

369 3738 462 3804 dium
481 3737 524 3803 ad
542 3760 597 3804 res
613 3759 696 3806 suae
713 3737 946 3804 vniuersitatis
962 3741 1050 3806 bene
1066 3738 1310 3825 disponendas
1327 3752 1362 3806 et
1385 3742 1506 3826 (preter
1522 3737 1579 3806 exi·

422 3973 432 4002 ⁵
470 3969 546 4026 Vide
559 3971 713 4042 epistolam
728 3979 916 4043 sequentem.

421 4149 429 4181 ¹
467 4151 512 4204 Ex
525 4148 701 4204 adversariis
715 4149 905 4222 autographis
924 4149 960 4204 Ρ.
984 4149 1104 4204 Polanci
1121 4147 1196 4204 adeo
1213 4147 1377 4221 castigatis,
1397 4160 1430 4206 ut
1446 4149 1582 4206 difficulter

366 4238 523 4312 aliquando
536 4239 596 4310 legi
610 4241 739 4310 valeant,
757 4239 788 4294 in
807 4237 909 4296 codice
926 4239 1020 4309 Epist.
1047 4239 1175 4294 Polanci
1192 4255 1228 4294 ea
1247 4256 1368 4308 comm„
1390 4239 1496 4312 duplici
1512 4236 1577 4304 lolio¹

366 4331 470 4399 altero,
486 4347 514 4387 n.
529 4329 555 4398 ό,
572 4329 653 4400 prius
670 4341 712 4400 113
727 4330 875 4398 etaltera,
890 4347 920 4384 n.
937 4328 997 4398 189,
1017 4329 1097 4400 prius
1117 4327 1178 4397 185:
1193 4327 1271 4384 unde
1289 4335 1371 4400 patet
1384 4345 1527 4401 perperam
1542 4343 1581 4380 se·

367 4428 465 4491 parata
480 4417 572 4474 luisse
586 4419 659 4473 haec
672 4418 730 4474 duo
743 4417 825 4488 folla,
839 4435 906 4473 cum
925 4424 1114 4473 monumenta
1132 4425 1233 4472 assuta
1249 4416 1371 4473 fuerunt
1388 4417 1425 4474 ed
1443 4415 1577 4473 conficien-

365 4509 435 4564 dum
450 4510 528 4564 hunc
540 4507 682 4564 codicem.
699 4505 770 4579 Ejus
783 4507 973 4562 summarium
987 4514 1086 4561 exstat
1105 4506 1134 4562 in
1152 4504 1255 4560 codice
1269 4507 1388 4579 Regest.
1406 4507 1431 4574 J,
1446 4506 1493 4562 iol.
1513 4517 1579 4572 tzar,

367 4615 443 4653 vers.
459 4596 678 4666 2·7.-Cartas‚
694 4615 746 4652 nn.
765 4597 968 4658 CCXXXVIll
981 4605 1010 4652 et
1024 4585 1233 4652 CCXXXVlI·

418 4689 428 4722 ²
466 4688 543 4743 Vide
555 4687 696 4760 epistolas
707 4687 885 4758 superiores.
