904 1356
188 129 197 143 6
379 130 482 144 Mommenn
492 130 583 144 lem-rum

169 167 217 189 gotia
225 167 321 184 continent-i
329 167 442 185 numerorum'
449 168 493 185 serie
501 168 632 185 interserantur.
640 168 661 185 Et
669 169 713 185 haec
719 168 797 189 quidem

169 196 240 218 negotia
253 202 305 218 saepe
315 197 336 213 ad
347 194 403 214 virum
414 197 491 218 proxime
500 197 575 219 positum
586 201 665 219 spectare
679 197 797 214 manifestum

170 228 203 243 est:
212 231 263 247 saepe
271 226 322 242 etiam
330 225 406 242 dubitari
415 226 476 247 nequit
484 226 525 247 quin
536 226 558 243 ad
569 226 623 243 totius
633 226 703 248 collegii
711 226 796 243 modera-

170 257 225 272 torem
234 254 336 276 pertineant.
346 255 381 272 Sed
389 255 482 276 aliquando
490 260 517 272 res
525 255 590 276 liquido
598 260 633 272 non
641 258 717 277 apparet.
727 255 746 272 In
756 256 796 272 hu-

167 283 243 305 jusmodi
251 286 308 300 autem
314 283 363 304 locis,
371 289 410 300 curn
417 289 444 300 res
450 283 517 301 incerta
523 286 555 304 est,
563 287 593 301 aut
600 289 634 300 non
641 284 683 300 satis
690 284 794 306 perspicua,

170 317 202 329 nos
210 312 311 334 plerumque
319 312 342 329 ad
349 312 405 329 virum
414 315 444 329 aut
452 313 534 333 sodalem,
544 313 566 330 de
574 318 608 334 quo
616 313 634 329 in
642 313 720 334 proximo
728 317 795 329 nurne-

171 347 191 358 ro
199 341 263 363 agitur,
272 347 299 363 ea,
308 347 353 363 quae
361 336 463 363 sequuntur,
473 342 569 362 retulimus,
578 344 608 359 aut
620 342 644 362 id,
653 342 699 363 quod
707 342 796 364 probabi-

170 370 204 387 lius
212 373 229 387 et
237 370 299 387 rationi
309 370 365 392 magis
375 373 470 387 consonum
481 371 578 391 videbatur,
590 370 676 392 persecuti
687 376 753 388 sumus.
766 371 796 388 At

171 399 208 416 fieri
216 399 308 420 aliquando
316 399 372 421 potuit
381 402 400 416 ut
406 405 447 416 casu
454 405 579 421 separaremus,
586 405 631 421 quae
636 399 654 416 in
660 400 711 421 plena
717 399 795 421 epistola

171 433 192 445 ex
204 428 251 445 Urbe
262 428 314 445 missa
324 428 417 449 conjuncta
426 431 484 448 erant,
495 432 525 445 aut
535 431 604 449 contra,
616 434 645 449 ea,
656 434 701 450 quae
711 431 795 450 separata

171 460 226 477 erant,
234 457 387 479 conjungeremus.
394 457 413 473 Id
419 457 471 477 enirn,
476 457 494 474 in
501 460 548 474 tanta
553 457 685 474 summariorum
692 460 794 474 nostrorum

171 486 262 506 brevitate,
272 486 305 503 nisi
314 486 392 508 inspecta
400 486 443 508 ipsa,
452 491 497 507 quae
505 486 557 503 missa
568 486 606 507 suit,
615 486 694 508 epistola,
703 489 751 503 certo
760 491 794 503 co—

172 514 233 536 gnosci
242 520 277 531 non
284 517 347 536 potest.

203 544 242 565 Jam
253 549 301 564 vero,
312 543 327 560 si
337 543 361 563 id,
371 544 417 565 quod
428 544 509 564 fecimus,
520 544 571 560 alicui
583 544 654 561 sortasse
665 549 686 561 ex
697 544 795 561 lectoribus

172 572 235 589 nostris
245 572 301 589 minus
311 572 403 594 aliquando
411 572 499 593 probetur,
508 572 537 589 hic
548 573 595 590 nullo
604 573 675 594 negotio
682 573 745 594 poterit
753 572 794 594 ipse

173 606 203 622 per
214 606 233 618 se
243 601 357 623 Regeewrum
368 604 434 618 textum
448 604 465 618 et
475 601 552 618 ordinem
564 601 582 618 in
593 601 681 623 integrum
691 602 791 621 restituere,

173 630 249 647 numeris
257 630 336 647 soliorum
345 633 362 647 et
371 635 458 651 versuum,
467 630 497 652 qui
507 630 524 647 in
533 631 588 652 prima
598 630 710 652 epistolarum
718 633 792 647 annota-

173 658 221 675 tione
229 662 313 681 perpetuo
321 659 440 681 designantur,
449 662 489 681 apte
499 659 592 676 collocatis.

207 688 234 704 De
240 687 350 710 epistolarum
358 691 436 708 auctore,
445 688 473 706 vel
483 688 542 710 potius
552 688 643 710 scriptore,
653 691 710 705 utrum
721 688 743 705 ab
753 688 792 710 ipso

173 717 241 738 Ignatio
251 722 273 733 an
286 717 307 733 ab
320 716 353 733 alio
361 717 399 738 ejus
409 717 490 734 mandato
498 720 516 734 et
528 717 598 734 nomine
608 717 675 734 litterae
685 717 736 734 datae
749 717 790 737 sint,

174 745 216 762 nihil
223 745 337 767 adjiciendum
345 746 420 762 occurrit
426 745 453 766 iis,
461 751 505 767 quae
511 746 600 768 superiore
606 745 694 763 volumine
698 746 720 762 ad
725 745 791 763 discer-

174 775 240 791 nendas
253 774 343 796 epistolas,
358 780 380 792 ex
396 774 516 791 commissione
532 774 646 796 conscriptas,
663 774 790 791 annotavimus.

174 803 219 820 Illud
227 803 310 820 lectorem
318 808 406 825 rogamus,
414 806 433 820 ut
441 804 502 821 sedulo
510 803 589 825 inspiciat
597 804 648 825 cujus
656 809 708 820 manu
716 809 791 821 summa-

175 832 200 849 ria
208 835 278 849 exarata
286 835 333 852 sunt,
342 832 389 853 quod
394 832 412 849 in
420 832 475 854 prima
482 832 590 854 singularum
598 832 708 854 epistolarum
717 835 791 849 annota-

176 861 224 878 tione
232 860 312 882 reperiet:
321 866 342 878 ea
352 866 404 882 pon-0
415 866 467 882 saepe
480 861 551 878 Polanei
563 860 625 878 manus
636 861 711 883 ειη-ἱρείη
724 867 746 878 ex
758 866 792 882 quo

176 889 225 907 facile
233 889 306 911 quisque
314 890 394 911 conjiciet
402 890 484 911 plurimas
492 890 573 911 epistolas
583 890 605 907 ab
616 895 636 907 eo
644 895 665 907 ex
674 890 736 912 Ignatii
744 895 791 907 com-

175 918 256 935 missione
264 919 313 935 datas
321 918 383 936 fuisse:
392 924 424 935 nos
432 921 490 936 tamen
498 918 574 936 Polanoo
582 919 620 935 illas
629 919 718 936 dumtaxat
728 919 756 936 hic
766 922 792 935 at—

177 947 275 968 tribuimus,
285 953 328 969 quas
336 950 366 964 aut
376 947 413 969 ipse
423 947 521 968 subscribit,
531 951 561 964 aut
569 953 612 969 quas
622 947 684 970 Ignatii
695 948 764 965 nomine
774 953 793 965 se

176 976 251 993 scribere
260 979 338 994 testatur.

197 1021 199 1023 .
209 1005 268 1027 Atque
274 1006 317 1023 haec
325 1008 362 1022 tum
370 1006 392 1023 de
400 1005 511 1027 epistolarum
520 1009 618 1022 nostrarum
626 1005 746 1027 scriptoribus,
755 1008 792 1023 tum

175 1034 198 1051 de
206 1034 233 1054 iis.
242 1034 264 1051 ad
272 1039 315 1055 quos
323 1034 406 1056 epistolae
414 1035 483 1055 dantur,
492 1034 555 1051 dixisse
563 1034 643 1051 sufficiat.

209 1063 249 1079 Alia
257 1066 298 1080 sunt
306 1068 351 1084 quae
359 1063 453 1080 lectoribus
461 1063 525 1080 nostris
532 1063 602 1085 cognita
611 1069 649 1080 esse
655 1063 740 1080 volumus.
748 1064 794 1081 Sunt

176 1091 194 1110 in
204 1092 237 1109 hoc
248 1091 343 1112 volumine,
356 1095 423 1114 praeter
433 1092 514 1114 epistolas
525 1097 583 1114 presse
591 1092 652 1112 dictas,
664 1092 737 1113 litterae,
749 1098 793 1114 quae

176 1124 261 1138 vocantur
273 1123 357 1142 patentes,
369 1121 492 1138 instructiones
504 1121 525 1138 ad
535 1121 591 1138 socios
601 1121 660 1141 datae,
672 1121 793 1138 annotationes

176 1149 262 1170 diversae,
274 1149 377 1171 scriptorum
388 1150 480 1167 summaria
491 1150 558 1171 aliaque
568 1150 637 1170 similia,
648 1155 699 1171 quae,
711 1150 743 1167 etsi
756 1150 793 1171 epi-

173 1173 231 1195 stolae
238 1184 298 1195 revera
306 1184 341 1195 non
349 1181 395 1199 sunt,
404 1178 426 1195 ad
434 1184 470 1196 rem
479 1181 536 1196 tamen
545 1182 620 1196 nostram
629 1179 722 1200 pertinent,
729 1182 747 1196 et
753 1184 793 1201 pro-
