<?xml version="1.0" encoding="UTF-8"?>
<!DOCTYPE html PUBLIC "-//W3C//DTD XHTML 1.0 Transitional//EN"
    "http://www.w3.org/TR/xhtml1/DTD/xhtml1-transitional.dtd">
<html xmlns="http://www.w3.org/1999/xhtml" xml:lang="en" lang="en">
 <head>
  <title>
</title>
<meta http-equiv="Content-Type" content="text/html;charset=utf-8" />
  <meta name='ocr-system' content='tesseract 3.04.00' />
  <meta name='ocr-capabilities' content='ocr_page ocr_carea ocr_par ocr_line ocrx_word'/>
</head>
<body>
  <div class='ocr_page' id='page_1' title='image "./monumentaignati03ignagoog_0582.png"; bbox 0 0 3468 5418; ppageno 0'>
   <div class='ocr_carea' id='block_1_1' title="bbox 525 473 1373 554">
    <p class='ocr_par' dir='ltr' id='par_1_1' title="bbox 525 473 1373 554">
     <span class='ocr_line' id='line_1_1' title="bbox 525 473 1373 554; baseline 0.014 -16"><span class='ocrx_word' id='word_1_1' title='bbox 525 483 988 554; x_wconf 74' lang='lat' dir='ltr'><strong>Eersr.1947.-11Jur.u1551</strong></span> <span class='ocrx_word' id='word_1_2' title='bbox 1286 491 1337 550; x_wconf 88' lang='grc'><strong>575</strong></span> <span class='ocrx_word' id='word_1_3' title='bbox 1368 473 1373 486; x_wconf 69' lang='lat'>&#39;</span> 
     </span>
    </p>
   </div>
   <div class='ocr_carea' id='block_1_2' title="bbox 114 632 1373 3042">
    <p class='ocr_par' dir='ltr' id='par_1_2' title="bbox 114 632 1373 818">
     <span class='ocr_line' id='line_1_2' title="bbox 114 632 1373 723; baseline 0.002 -25"><span class='ocrx_word' id='word_1_4' title='bbox 114 652 148 697; x_wconf 76' lang='lat' dir='ltr'><strong>a</strong></span> <span class='ocrx_word' id='word_1_5' title='bbox 166 634 221 701; x_wconf 89' lang='lat' dir='ltr'><strong>V.</strong></span> <span class='ocrx_word' id='word_1_6' title='bbox 239 635 296 716; x_wconf 67' lang='lat' dir='ltr'><strong>E,</strong></span> <span class='ocrx_word' id='word_1_7' title='bbox 316 655 376 721; x_wconf 86' lang='lat' dir='ltr'><strong>per</strong></span> <span class='ocrx_word' id='word_1_8' title='bbox 390 635 414 702; x_wconf 90' lang='lat' dir='ltr'><strong>il</strong></span> <span class='ocrx_word' id='word_1_9' title='bbox 430 635 549 704; x_wconf 90' lang='lat' dir='ltr'><strong>diuino</strong></span> <span class='ocrx_word' id='word_1_10' title='bbox 568 635 715 704; x_wconf 88' lang='lat' dir='ltr'><strong>seruizio</strong></span> <span class='ocrx_word' id='word_1_11' title='bbox 738 647 774 706; x_wconf 95' lang='lat' dir='ltr'><strong>et</strong></span> <span class='ocrx_word' id='word_1_12' title='bbox 796 635 906 723; x_wconf 86' lang='lat' dir='ltr'><strong>gloria</strong></span> <span class='ocrx_word' id='word_1_13' title='bbox 929 647 965 704; x_wconf 90' lang='lat' dir='ltr'><strong>et</strong></span> <span class='ocrx_word' id='word_1_14' title='bbox 988 633 1133 722; x_wconf 83' lang='lat' dir='ltr'><strong>aggiuto</strong></span> <span class='ocrx_word' id='word_1_15' title='bbox 1155 633 1234 702; x_wconf 91' lang='lat' dir='ltr'><strong>dell&#39;</strong></span> <span class='ocrx_word' id='word_1_16' title='bbox 1260 632 1373 700; x_wconf 88' lang='lat' dir='ltr'><strong>anime</strong></span> 
     </span>
     <span class='ocr_line' id='line_1_3' title="bbox 119 747 396 818; baseline 0.014 -4"><span class='ocrx_word' id='word_1_17' title='bbox 119 747 191 817; x_wconf 92' lang='lat' dir='ltr'><strong>del</strong></span> <span class='ocrx_word' id='word_1_18' title='bbox 211 769 278 816; x_wconf 91' lang='lat' dir='ltr'><strong>suo</strong></span> <span class='ocrx_word' id='word_1_19' title='bbox 294 761 396 818; x_wconf 89' lang='lat' dir='ltr'><strong>stato.</strong></span> 
     </span>
    </p>

    <p class='ocr_par' dir='ltr' id='par_1_3' title="bbox 115 859 1372 3042">
     <span class='ocr_line' id='line_1_4' title="bbox 204 859 1372 955; baseline -0.005 -21"><span class='ocrx_word' id='word_1_20' title='bbox 204 865 309 934; x_wconf 89' lang='lat' dir='ltr'><strong>Circa</strong></span> <span class='ocrx_word' id='word_1_21' title='bbox 323 865 348 932; x_wconf 91' lang='lat' dir='ltr'><strong>il</strong></span> <span class='ocrx_word' id='word_1_22' title='bbox 363 869 553 948; x_wconf 87' lang='lat' dir='ltr'><strong>sacerdote,</strong></span> <span class='ocrx_word' id='word_1_23' title='bbox 572 869 638 938; x_wconf 90' lang='lat' dir='ltr'><strong>che</strong></span> <span class='ocrx_word' id='word_1_24' title='bbox 653 869 695 936; x_wconf 91' lang='lat' dir='ltr'><strong>V.</strong></span> <span class='ocrx_word' id='word_1_25' title='bbox 712 870 755 938; x_wconf 91' lang='lat' dir='ltr'><strong>E.</strong></span> <span class='ocrx_word' id='word_1_26' title='bbox 772 859 886 935; x_wconf 67' lang='lat' dir='ltr'><strong>&#39;scriue</strong></span> <span class='ocrx_word' id='word_1_27' title='bbox 901 890 963 955; x_wconf 89' lang='lat' dir='ltr'><strong>per</strong></span> <span class='ocrx_word' id='word_1_28' title='bbox 977 867 1000 934; x_wconf 93' lang='lat' dir='ltr'><strong>il</strong></span> <span class='ocrx_word' id='word_1_29' title='bbox 1016 876 1213 934; x_wconf 85' lang='lat' dir='ltr'><strong>monastero</strong></span> <span class='ocrx_word' id='word_1_30' title='bbox 1228 865 1272 933; x_wconf 90' lang='lat' dir='ltr'><strong>de</strong></span> <span class='ocrx_word' id='word_1_31' title='bbox 1292 885 1372 932; x_wconf 88' lang='lat' dir='ltr'><strong>ver-</strong></span> 
     </span>
     <span class='ocr_line' id='line_1_5' title="bbox 121 981 1371 1070; baseline -0.002 -22"><span class='ocrx_word' id='word_1_32' title='bbox 121 981 213 1068; x_wconf 88' lang='lat' dir='ltr'><strong>gini</strong></span> <span class='ocrx_word' id='word_1_33' title='bbox 229 983 256 1066; x_wconf 82' lang='lat'><strong>¹,</strong></span> <span class='ocrx_word' id='word_1_34' title='bbox 279 993 484 1070; x_wconf 90' lang='lat' dir='ltr'><strong>prosuposto</strong></span> <span class='ocrx_word' id='word_1_35' title='bbox 504 986 569 1053; x_wconf 91' lang='lat' dir='ltr'><strong>che</strong></span> <span class='ocrx_word' id='word_1_36' title='bbox 589 983 623 1052; x_wconf 91' lang='lat' dir='ltr'><strong>in</strong></span> <span class='ocrx_word' id='word_1_37' title='bbox 643 987 775 1070; x_wconf 83' lang='lat' dir='ltr'><strong>&#39;quanto</strong></span> <span class='ocrx_word' id='word_1_38' title='bbox 795 987 871 1052; x_wconf 75' lang='lat' dir='ltr'><strong>sard</strong></span> <span class='ocrx_word' id='word_1_39' title='bbox 891 983 927 1053; x_wconf 91' lang='lat' dir='ltr'><strong>in</strong></span> <span class='ocrx_word' id='word_1_40' title='bbox 950 983 1008 1050; x_wconf 90' lang='lat' dir='ltr'><strong>noi</strong></span> <span class='ocrx_word' id='word_1_41' title='bbox 1028 1003 1163 1070; x_wconf 88' lang='lat' dir='ltr'><strong>sempre</strong></span> <span class='ocrx_word' id='word_1_42' title='bbox 1183 981 1215 1048; x_wconf 89' lang='lat' dir='ltr'><strong>ci</strong></span> <span class='ocrx_word' id='word_1_43' title='bbox 1236 981 1371 1048; x_wconf 71' lang='lat' dir='ltr'><strong>trotarii</strong></span> 
     </span>
     <span class='ocr_line' id='line_1_6' title="bbox 122 1095 1371 1187; baseline 0 -23"><span class='ocrx_word' id='word_1_44' title='bbox 122 1097 286 1186; x_wconf 89' lang='lat' dir='ltr'><strong>prompti</strong></span> <span class='ocrx_word' id='word_1_45' title='bbox 308 1100 352 1166; x_wconf 93' lang='lat' dir='ltr'><strong>V.</strong></span> <span class='ocrx_word' id='word_1_46' title='bbox 377 1101 417 1168; x_wconf 84' lang='lat' dir='ltr'><strong>E.</strong></span> <span class='ocrx_word' id='word_1_47' title='bbox 439 1123 501 1187; x_wconf 89' lang='lat' dir='ltr'><strong>per</strong></span> <span class='ocrx_word' id='word_1_48' title='bbox 520 1099 663 1168; x_wconf 86' lang='lat' dir='ltr'><strong>seruirla</strong></span> <span class='ocrx_word' id='word_1_49' title='bbox 682 1102 725 1168; x_wconf 87' lang='lat' dir='ltr'><strong>ad</strong></span> <span class='ocrx_word' id='word_1_50' title='bbox 742 1103 874 1169; x_wconf 90' lang='lat' dir='ltr'><strong>honore</strong></span> <span class='ocrx_word' id='word_1_51' title='bbox 889 1101 933 1170; x_wconf 90' lang='lat' dir='ltr'><strong>de</strong></span> <span class='ocrx_word' id='word_1_52' title='bbox 947 1100 1014 1167; x_wconf 91' lang='lat' dir='ltr'><strong>Dio</strong></span> <span class='ocrx_word' id='word_1_53' title='bbox 1030 1099 1075 1167; x_wconf 90' lang='lat' dir='ltr'><strong>N.</strong></span> <span class='ocrx_word' id='word_1_54' title='bbox 1094 1099 1150 1181; x_wconf 90' lang='lat' dir='ltr'><strong>S.,</strong></span> <span class='ocrx_word' id='word_1_55' title='bbox 1167 1095 1371 1184; x_wconf 84' lang='lat' dir='ltr'><strong>rispondero</strong></span> 
     </span>
     <span class='ocr_line' id='line_1_7' title="bbox 115 1211 1370 1300; baseline -0.001 -20"><span class='ocrx_word' id='word_1_56' title='bbox 115 1234 203 1280; x_wconf 85' lang='lat' dir='ltr'><strong>con</strong></span> <span class='ocrx_word' id='word_1_57' title='bbox 221 1215 337 1300; x_wconf 81' lang='lat' dir='ltr'><strong>quella</strong></span> <span class='ocrx_word' id='word_1_58' title='bbox 352 1215 478 1282; x_wconf 84' lang='lat' dir='ltr'><strong>fiducia</strong></span> <span class='ocrx_word' id='word_1_59' title='bbox 495 1219 560 1284; x_wconf 91' lang='lat' dir='ltr'><strong>che</strong></span> <span class='ocrx_word' id='word_1_60' title='bbox 576 1216 604 1283; x_wconf 89' lang='lat' dir='ltr'><strong>si</strong></span> <span class='ocrx_word' id='word_1_61' title='bbox 620 1216 790 1286; x_wconf 88' lang='lat' dir='ltr'><strong>conuiene</strong></span> <span class='ocrx_word' id='word_1_62' title='bbox 805 1239 827 1283; x_wconf 88' lang='lat' dir='ltr'><strong>a</strong></span> <span class='ocrx_word' id='word_1_63' title='bbox 847 1217 903 1283; x_wconf 94' lang='lat' dir='ltr'><strong>chi</strong></span> <span class='ocrx_word' id='word_1_64' title='bbox 925 1215 1075 1284; x_wconf 87' lang='lat' dir='ltr'><strong>teniamo</strong></span> <span class='ocrx_word' id='word_1_65' title='bbox 1090 1235 1152 1300; x_wconf 84' lang='lat' dir='ltr'><strong>per</strong></span> <span class='ocrx_word' id='word_1_66' title='bbox 1167 1224 1311 1300; x_wconf 88' lang='lat' dir='ltr'><strong>patrone</strong></span> <span class='ocrx_word' id='word_1_67' title='bbox 1326 1211 1370 1279; x_wconf 91' lang='lat' dir='ltr'><strong>de</strong></span> 
     </span>
     <span class='ocr_line' id='line_1_8' title="bbox 120 1327 1370 1420; baseline -0.001 -25"><span class='ocrx_word' id='word_1_68' title='bbox 120 1339 229 1398; x_wconf 89' lang='lat' dir='ltr'><strong>tutta</strong></span> <span class='ocrx_word' id='word_1_69' title='bbox 244 1342 362 1398; x_wconf 87' lang='lat' dir='ltr'><strong>nostra</strong></span> <span class='ocrx_word' id='word_1_70' title='bbox 377 1331 517 1399; x_wconf 86' lang='lat' dir='ltr'><strong>minima</strong></span> <span class='ocrx_word' id='word_1_71' title='bbox 534 1333 761 1420; x_wconf 84' lang='lat' dir='ltr'><strong>Compagnia.</strong></span> <span class='ocrx_word' id='word_1_72' title='bbox 779 1333 823 1400; x_wconf 89' lang='lat' dir='ltr'><strong>V.</strong></span> <span class='ocrx_word' id='word_1_73' title='bbox 843 1333 883 1400; x_wconf 89' lang='lat' dir='ltr'><strong>E.</strong></span> <span class='ocrx_word' id='word_1_74' title='bbox 902 1331 1044 1399; x_wconf 82' lang='lat' dir='ltr'><strong>intende</strong></span> <span class='ocrx_word' id='word_1_75' title='bbox 1059 1331 1124 1400; x_wconf 89' lang='lat' dir='ltr'><strong>che</strong></span> <span class='ocrx_word' id='word_1_76' title='bbox 1144 1328 1168 1396; x_wconf 94' lang='lat' dir='ltr'><strong>li</strong></span> <span class='ocrx_word' id='word_1_77' title='bbox 1188 1327 1310 1396; x_wconf 90' lang='lat' dir='ltr'><strong>statuti</strong></span> <span class='ocrx_word' id='word_1_78' title='bbox 1326 1327 1370 1394; x_wconf 88' lang='lat' dir='ltr'><strong>de</strong></span> 
     </span>
     <span class='ocr_line' id='line_1_9' title="bbox 123 1443 1369 1540; baseline -0.003 -28"><span class='ocrx_word' id='word_1_79' title='bbox 123 1457 255 1513; x_wconf 87' lang='lat' dir='ltr'><strong>nostra</strong></span> <span class='ocrx_word' id='word_1_80' title='bbox 278 1446 456 1534; x_wconf 85' lang='lat' dir='ltr'><strong>relligione</strong></span> <span class='ocrx_word' id='word_1_81' title='bbox 476 1460 511 1517; x_wconf 92' lang='lat' dir='ltr'><strong>et</strong></span> <span class='ocrx_word' id='word_1_82' title='bbox 531 1451 564 1515; x_wconf 86' lang='lat' dir='ltr'><strong>la</strong></span> <span class='ocrx_word' id='word_1_83' title='bbox 587 1449 754 1516; x_wconf 71' lang='lat' dir='ltr'><strong>auctoritei</strong></span> <span class='ocrx_word' id='word_1_84' title='bbox 778 1449 867 1516; x_wconf 86' lang='lat' dir='ltr'><strong>della</strong></span> <span class='ocrx_word' id='word_1_85' title='bbox 888 1447 970 1516; x_wconf 87' lang='lat' dir='ltr'><strong>sede</strong></span> <span class='ocrx_word' id='word_1_86' title='bbox 992 1445 1180 1540; x_wconf 85' lang='lat' dir='ltr'><strong>apostolica</strong></span> <span class='ocrx_word' id='word_1_87' title='bbox 1200 1445 1231 1512; x_wconf 94' lang='lat' dir='ltr'><strong>ci</strong></span> <span class='ocrx_word' id='word_1_88' title='bbox 1253 1443 1369 1530; x_wconf 91' lang='lat' dir='ltr'><strong>prohi-</strong></span> 
     </span>
     <span class='ocr_line' id='line_1_10' title="bbox 123 1561 1368 1650; baseline -0.003 -22"><span class='ocrx_word' id='word_1_89' title='bbox 123 1561 281 1629; x_wconf 86' lang='lat' dir='ltr'><strong>biscono</strong></span> <span class='ocrx_word' id='word_1_90' title='bbox 295 1562 419 1650; x_wconf 84' lang='lat' dir='ltr'><strong>pigliar</strong></span> <span class='ocrx_word' id='word_1_91' title='bbox 435 1584 518 1631; x_wconf 85' lang='lat' dir='ltr'><strong>cura</strong></span> <span class='ocrx_word' id='word_1_92' title='bbox 533 1564 577 1632; x_wconf 88' lang='lat' dir='ltr'><strong>de</strong></span> <span class='ocrx_word' id='word_1_93' title='bbox 593 1562 708 1645; x_wconf 89' lang='lat' dir='ltr'><strong>misse,</strong></span> <span class='ocrx_word' id='word_1_94' title='bbox 727 1561 948 1647; x_wconf 85' lang='lat' dir='ltr'><strong>confessioni,</strong></span> <span class='ocrx_word' id='word_1_95' title='bbox 966 1585 987 1631; x_wconf 93' lang='lat' dir='ltr'><strong>o</strong></span> <span class='ocrx_word' id='word_1_96' title='bbox 1003 1563 1093 1630; x_wconf 87' lang='lat' dir='ltr'><strong>circa</strong></span> <span class='ocrx_word' id='word_1_97' title='bbox 1109 1561 1124 1602; x_wconf 72' lang='lat'><strong>¹³</strong></span> <span class='ocrx_word' id='word_1_98' title='bbox 1139 1581 1298 1650; x_wconf 87' lang='lat' dir='ltr'><strong>gouerno</strong></span> <span class='ocrx_word' id='word_1_99' title='bbox 1313 1581 1368 1625; x_wconf 88' lang='lat' dir='ltr'><strong>or-</strong></span> 
     </span>
     <span class='ocr_line' id='line_1_11' title="bbox 119 1677 1367 1770; baseline -0.001 -27"><span class='ocrx_word' id='word_1_100' title='bbox 119 1677 271 1744; x_wconf 87' lang='lat' dir='ltr'><strong>dinario</strong></span> <span class='ocrx_word' id='word_1_101' title='bbox 287 1689 300 1718; x_wconf 77' lang='lat'><strong>⁰</strong></span> <span class='ocrx_word' id='word_1_102' title='bbox 314 1679 349 1745; x_wconf 92' lang='lat' dir='ltr'><strong>di</strong></span> <span class='ocrx_word' id='word_1_103' title='bbox 365 1681 456 1746; x_wconf 93' lang='lat' dir='ltr'><strong>done</strong></span> <span class='ocrx_word' id='word_1_104' title='bbox 475 1679 659 1767; x_wconf 71' lang='lat' dir='ltr'><strong>religiose</strong></span> <span class='ocrx_word' id='word_1_105' title='bbox 675 1679 709 1747; x_wconf 86' lang='lat' dir='ltr'><strong>¹il</strong></span> <span class='ocrx_word' id='word_1_106' title='bbox 729 1682 795 1770; x_wconf 90' lang='lat' dir='ltr'><strong>che</strong></span> <span class='ocrx_word' id='word_1_107' title='bbox 814 1681 844 1748; x_wconf 94' lang='lat' dir='ltr'><strong>si</strong></span> <span class='ocrx_word' id='word_1_108' title='bbox 868 1681 886 1748; x_wconf 78' lang='grc' dir='ltr'>ὲ</span> <span class='ocrx_word' id='word_1_109' title='bbox 909 1679 1086 1767; x_wconf 83' lang='lat' dir='ltr'><strong>giudicato</strong></span> <span class='ocrx_word' id='word_1_110' title='bbox 1102 1679 1215 1745; x_wconf 87' lang='lat' dir='ltr'><strong>molto</strong></span> <span class='ocrx_word' id='word_1_111' title='bbox 1238 1696 1367 1743; x_wconf 88' lang='lat' dir='ltr'><strong>conue-</strong></span> 
     </span>
     <span class='ocr_line' id='line_1_12' title="bbox 125 1790 1368 1884; baseline -0.003 -26"><span class='ocrx_word' id='word_1_112' title='bbox 125 1793 253 1863; x_wconf 84' lang='lat' dir='ltr'><strong>niente</strong></span> <span class='ocrx_word' id='word_1_113' title='bbox 281 1796 371 1863; x_wconf 88' lang='lat' dir='ltr'><strong>nella</strong></span> <span class='ocrx_word' id='word_1_114' title='bbox 398 1795 614 1882; x_wconf 82' lang='lat' dir='ltr'><strong>Compagnia</strong></span> <span class='ocrx_word' id='word_1_115' title='bbox 641 1809 757 1866; x_wconf 89' lang='lat' dir='ltr'><strong>nostra</strong></span> <span class='ocrx_word' id='word_1_116' title='bbox 784 1818 846 1884; x_wconf 83' lang='lat' dir='ltr'><strong>per</strong></span> <span class='ocrx_word' id='word_1_117' title='bbox 868 1798 991 1864; x_wconf 89' lang='lat' dir='ltr'><strong>alcune</strong></span> <span class='ocrx_word' id='word_1_118' title='bbox 1014 1813 1119 1863; x_wconf 85' lang='lat' dir='ltr'><strong>cause</strong></span> <span class='ocrx_word' id='word_1_119' title='bbox 1141 1793 1186 1860; x_wconf 86' lang='lat' dir='ltr'><strong>de</strong></span> <span class='ocrx_word' id='word_1_120' title='bbox 1208 1790 1368 1879; x_wconf 85' lang='lat' dir='ltr'><strong>maggior</strong></span> 
     </span>
     <span class='ocr_line' id='line_1_13' title="bbox 125 1890 1366 1998; baseline 0 -24"><span class='ocrx_word' id='word_1_121' title='bbox 125 1909 203 1978; x_wconf 88' lang='lat' dir='ltr'><strong>ben</strong></span> <span class='ocrx_word' id='word_1_122' title='bbox 220 1908 236 1950; x_wconf 82' lang='lat'><strong>‘¹</strong></span> <span class='ocrx_word' id='word_1_123' title='bbox 252 1890 488 1980; x_wconf 82' lang='lat' dir='ltr'><strong>vniuersale&#39;³.</strong></span> <span class='ocrx_word' id='word_1_124' title='bbox 507 1915 566 1980; x_wconf 91' lang='lat' dir='ltr'><strong>Ma</strong></span> <span class='ocrx_word' id='word_1_125' title='bbox 582 1913 691 1998; x_wconf 87' lang='lat' dir='ltr'><strong>perla</strong></span> <span class='ocrx_word' id='word_1_126' title='bbox 711 1913 816 1981; x_wconf 89' lang='lat' dir='ltr'><strong>molta</strong></span> <span class='ocrx_word' id='word_1_127' title='bbox 835 1911 1070 1998; x_wconf 87' lang='lat' dir='ltr'><strong>obbligatione</strong></span> <span class='ocrx_word' id='word_1_128' title='bbox 1090 1908 1229 1995; x_wconf 88' lang='lat' dir='ltr'><strong>antiqua</strong></span> <span class='ocrx_word' id='word_1_129' title='bbox 1249 1919 1284 1977; x_wconf 91' lang='lat' dir='ltr'><strong>et</strong></span> <span class='ocrx_word' id='word_1_130' title='bbox 1304 1930 1366 1976; x_wconf 87' lang='lat' dir='ltr'><strong>an-</strong></span> 
     </span>
     <span class='ocr_line' id='line_1_14' title="bbox 120 2025 1366 2112; baseline 0 -22"><span class='ocrx_word' id='word_1_131' title='bbox 120 2045 215 2092; x_wconf 87' lang='lat' dir='ltr'><strong>cora</strong></span> <span class='ocrx_word' id='word_1_132' title='bbox 231 2037 390 2112; x_wconf 88' lang='lat' dir='ltr'><strong>presente</strong></span> <span class='ocrx_word' id='word_1_133' title='bbox 405 2029 471 2096; x_wconf 90' lang='lat' dir='ltr'><strong>che</strong></span> <span class='ocrx_word' id='word_1_134' title='bbox 491 2029 571 2094; x_wconf 87' lang='lat' dir='ltr'><strong>aV.</strong></span> <span class='ocrx_word' id='word_1_135' title='bbox 596 2029 636 2094; x_wconf 91' lang='lat' dir='ltr'><strong>E.</strong></span> <span class='ocrx_word' id='word_1_136' title='bbox 655 2027 825 2109; x_wconf 86' lang='lat' dir='ltr'><strong>habiam0,</strong></span> <span class='ocrx_word' id='word_1_137' title='bbox 843 2038 878 2097; x_wconf 89' lang='lat' dir='ltr'><strong>et</strong></span> <span class='ocrx_word' id='word_1_138' title='bbox 897 2026 921 2093; x_wconf 94' lang='lat' dir='ltr'><strong>il</strong></span> <span class='ocrx_word' id='word_1_139' title='bbox 941 2025 1110 2094; x_wconf 88' lang='lat' dir='ltr'><strong>desiderio</strong></span> <span class='ocrx_word' id='word_1_140' title='bbox 1131 2033 1249 2102; x_wconf 89' lang='lat' dir='ltr'><strong>nostro</strong></span> <span class='ocrx_word' id='word_1_141' title='bbox 1271 2033 1366 2091; x_wconf 88' lang='lat' dir='ltr'><strong>tanto</strong></span> 
     </span>
     <span class='ocr_line' id='line_1_15' title="bbox 123 2138 1366 2230; baseline -0.003 -22"><span class='ocrx_word' id='word_1_142' title='bbox 123 2151 291 2228; x_wconf 90' lang='lat' dir='ltr'><strong>prompto</strong></span> <span class='ocrx_word' id='word_1_143' title='bbox 307 2164 368 2230; x_wconf 90' lang='lat' dir='ltr'><strong>per</strong></span> <span class='ocrx_word' id='word_1_144' title='bbox 382 2143 526 2210; x_wconf 85' lang='lat' dir='ltr'><strong>seruirla</strong></span> <span class='ocrx_word' id='word_1_145' title='bbox 545 2142 639 2229; x_wconf 74' lang='lat' dir='ltr'><strong>apid</strong></span> <span class='ocrx_word' id='word_1_146' title='bbox 660 2142 769 2230; x_wconf 85' lang='lat' dir='ltr'><strong>gloria</strong></span> <span class='ocrx_word' id='word_1_147' title='bbox 790 2141 920 2224; x_wconf 86' lang='lat' dir='ltr'><strong>diuina,</strong></span> <span class='ocrx_word' id='word_1_148' title='bbox 938 2139 1317 2230; x_wconf 73' lang='lat' dir='ltr'><strong>estraordinariamente</strong></span> <span class='ocrx_word' id='word_1_149' title='bbox 1336 2138 1366 2205; x_wconf 94' lang='lat' dir='ltr'><strong>si</strong></span> 
     </span>
     <span class='ocr_line' id='line_1_16' title="bbox 124 2253 1365 2345; baseline -0.002 -23"><span class='ocrx_word' id='word_1_150' title='bbox 124 2257 254 2343; x_wconf 76' lang='lat' dir='ltr'><strong>poteri</strong></span> <span class='ocrx_word' id='word_1_151' title='bbox 271 2259 379 2326; x_wconf 87' lang='lat' dir='ltr'><strong>hauer</strong></span> <span class='ocrx_word' id='word_1_152' title='bbox 394 2269 407 2298; x_wconf 70' lang='lat'>⁰</span> <span class='ocrx_word' id='word_1_153' title='bbox 423 2278 507 2326; x_wconf 87' lang='lat' dir='ltr'><strong>cura</strong></span> <span class='ocrx_word' id='word_1_154' title='bbox 522 2259 565 2326; x_wconf 92' lang='lat' dir='ltr'><strong>de</strong></span> <span class='ocrx_word' id='word_1_155' title='bbox 582 2257 772 2345; x_wconf 89' lang='lat' dir='ltr'><strong>predicarli,</strong></span> <span class='ocrx_word' id='word_1_156' title='bbox 791 2268 826 2325; x_wconf 90' lang='lat' dir='ltr'><strong>et</strong></span> <span class='ocrx_word' id='word_1_157' title='bbox 837 2257 866 2325; x_wconf 94' lang='lat' dir='ltr'><strong>si</strong></span> <span class='ocrx_word' id='word_1_158' title='bbox 879 2261 957 2326; x_wconf 79' lang='lat' dir='ltr'><strong>sarit</strong></span> <span class='ocrx_word' id='word_1_159' title='bbox 966 2255 1160 2324; x_wconf 83' lang='lat' dir='ltr'><strong>necessario</strong></span> <span class='ocrx_word' id='word_1_160' title='bbox 1172 2253 1260 2322; x_wconf 71' lang='lat' dir='ltr'><strong>rvna</strong></span> <span class='ocrx_word' id='word_1_161' title='bbox 1271 2255 1365 2321; x_wconf 82' lang='lat' dir='ltr'><strong>volta</strong></span> 
     </span>
     <span class='ocr_line' id='line_1_17' title="bbox 122 2371 1364 2460; baseline -0.001 -23"><span class='ocrx_word' id='word_1_162' title='bbox 122 2372 334 2439; x_wconf 81' lang='lat' dir='ltr'><strong>confessarli</strong></span> <span class='ocrx_word' id='word_1_163' title='bbox 352 2383 454 2455; x_wconf 86' lang='lat' dir='ltr'><strong>tutte,</strong></span> <span class='ocrx_word' id='word_1_164' title='bbox 471 2386 519 2454; x_wconf 88' lang='lat' dir='ltr'><strong>et,</strong></span> <span class='ocrx_word' id='word_1_165' title='bbox 537 2395 575 2441; x_wconf 86' lang='lat' dir='ltr'><strong>se</strong></span> <span class='ocrx_word' id='word_1_166' title='bbox 590 2395 610 2440; x_wconf 86' lang='lat' dir='ltr'><strong>a</strong></span> <span class='ocrx_word' id='word_1_167' title='bbox 627 2375 670 2442; x_wconf 92' lang='lat' dir='ltr'><strong>V.</strong></span> <span class='ocrx_word' id='word_1_168' title='bbox 691 2375 732 2444; x_wconf 88' lang='lat' dir='ltr'><strong>E.</strong></span> <span class='ocrx_word' id='word_1_169' title='bbox 749 2374 868 2460; x_wconf 77' lang='lat' dir='ltr'><strong>pareri</strong></span> <span class='ocrx_word' id='word_1_170' title='bbox 885 2376 978 2443; x_wconf 85' lang='lat' dir='ltr'><strong>esser</strong></span> <span class='ocrx_word' id='word_1_171' title='bbox 994 2371 1234 2451; x_wconf 87' lang='lat' dir='ltr'><strong>conveniente,</strong></span> <span class='ocrx_word' id='word_1_172' title='bbox 1253 2391 1290 2438; x_wconf 90' lang='lat' dir='ltr'><strong>se</strong></span> <span class='ocrx_word' id='word_1_173' title='bbox 1302 2392 1364 2458; x_wconf 94' lang='lat' dir='ltr'><strong>po-</strong></span> 
     </span>
     <span class='ocr_line' id='line_1_18' title="bbox 126 2485 1366 2576; baseline 0.002 -24"><span class='ocrx_word' id='word_1_174' title='bbox 126 2487 207 2556; x_wconf 78' lang='lat' dir='ltr'><strong>teri</strong></span> <span class='ocrx_word' id='word_1_175' title='bbox 223 2499 238 2537; x_wconf 77' lang='lat'>⁸</span> <span class='ocrx_word' id='word_1_176' title='bbox 253 2509 417 2576; x_wconf 82' lang='lat' dir='ltr'><strong>procurer</strong></span> <span class='ocrx_word' id='word_1_177' title='bbox 432 2490 468 2556; x_wconf 86' lang='lat' dir='ltr'><strong>in</strong></span> <span class='ocrx_word' id='word_1_178' title='bbox 488 2491 602 2576; x_wconf 88' lang='lat' dir='ltr'><strong>quello</strong></span> <span class='ocrx_word' id='word_1_179' title='bbox 619 2491 686 2558; x_wconf 90' lang='lat' dir='ltr'><strong>che</strong></span> <span class='ocrx_word' id='word_1_180' title='bbox 701 2491 876 2559; x_wconf 87' lang='lat' dir='ltr'><strong>hauerano</strong></span> <span class='ocrx_word' id='word_1_181' title='bbox 897 2487 1045 2576; x_wconf 86' lang='lat' dir='ltr'><strong>bisogno</strong></span> <span class='ocrx_word' id='word_1_182' title='bbox 1066 2488 1109 2554; x_wconf 91' lang='lat' dir='ltr'><strong>de</strong></span> <span class='ocrx_word' id='word_1_183' title='bbox 1130 2485 1366 2554; x_wconf 80' lang='lat' dir='ltr'><strong>risormatione</strong></span> 
     </span>
     <span class='ocr_line' id='line_1_19' title="bbox 124 2602 1364 2692; baseline -0.001 -24"><span class='ocrx_word' id='word_1_184' title='bbox 124 2605 176 2671; x_wconf 89' lang='lat' dir='ltr'><strong>de</strong></span> <span class='ocrx_word' id='word_1_185' title='bbox 200 2604 403 2692; x_wconf 80' lang='lat' dir='ltr'><strong>aggiutarli,</strong></span> <span class='ocrx_word' id='word_1_186' title='bbox 430 2616 465 2674; x_wconf 91' lang='lat' dir='ltr'><strong>et</strong></span> <span class='ocrx_word' id='word_1_187' title='bbox 487 2605 617 2672; x_wconf 83' lang='lat' dir='ltr'><strong>lassarli</strong></span> <span class='ocrx_word' id='word_1_188' title='bbox 641 2605 751 2672; x_wconf 89' lang='lat' dir='ltr'><strong>ordini</strong></span> <span class='ocrx_word' id='word_1_189' title='bbox 775 2605 818 2671; x_wconf 91' lang='lat' dir='ltr'><strong>de</strong></span> <span class='ocrx_word' id='word_1_190' title='bbox 840 2603 1054 2673; x_wconf 86' lang='lat' dir='ltr'><strong>conseruarsi</strong></span> <span class='ocrx_word' id='word_1_191' title='bbox 1079 2603 1134 2670; x_wconf 91' lang='lat' dir='ltr'><strong>nel</strong></span> <span class='ocrx_word' id='word_1_192' title='bbox 1158 2602 1224 2670; x_wconf 90' lang='lat' dir='ltr'><strong>ben</strong></span> <span class='ocrx_word' id='word_1_193' title='bbox 1249 2623 1364 2670; x_wconf 81' lang='lat' dir='ltr'><strong>essere</strong></span> 
     </span>
     <span class='ocr_line' id='line_1_20' title="bbox 121 2717 1363 2807; baseline -0.004 -20"><span class='ocrx_word' id='word_1_194' title='bbox 121 2719 321 2806; x_wconf 86' lang='lat' dir='ltr'><strong>spirituale:</strong></span> <span class='ocrx_word' id='word_1_195' title='bbox 339 2723 466 2807; x_wconf 77' lang='lat' dir='ltr'><strong>perche</strong></span> <span class='ocrx_word' id='word_1_196' title='bbox 482 2741 547 2788; x_wconf 92' lang='lat' dir='ltr'><strong>con</strong></span> <span class='ocrx_word' id='word_1_197' title='bbox 564 2733 685 2806; x_wconf 89' lang='lat' dir='ltr'><strong>questo</strong></span> <span class='ocrx_word' id='word_1_198' title='bbox 701 2732 735 2788; x_wconf 88' lang='lat' dir='ltr'><strong>et</strong></span> <span class='ocrx_word' id='word_1_199' title='bbox 756 2743 822 2788; x_wconf 91' lang='lat' dir='ltr'><strong>con</strong></span> <span class='ocrx_word' id='word_1_200' title='bbox 838 2719 979 2787; x_wconf 87' lang='lat' dir='ltr'><strong>visitarli</strong></span> <span class='ocrx_word' id='word_1_201' title='bbox 995 2721 1117 2786; x_wconf 90' lang='lat' dir='ltr'><strong>alcune</strong></span> <span class='ocrx_word' id='word_1_202' title='bbox 1133 2717 1225 2785; x_wconf 90' lang='lat' dir='ltr'><strong>volte</strong></span> <span class='ocrx_word' id='word_1_203' title='bbox 1241 2717 1269 2784; x_wconf 89' lang='lat' dir='ltr'><strong>si</strong></span> <span class='ocrx_word' id='word_1_204' title='bbox 1293 2718 1363 2783; x_wconf 75' lang='lat' dir='ltr'><strong>sari</strong></span> 
     </span>
     <span class='ocr_line' id='line_1_21' title="bbox 123 2832 1362 2920; baseline 0 -18"><span class='ocrx_word' id='word_1_205' title='bbox 123 2834 231 2920; x_wconf 87' lang='lat' dir='ltr'><strong>quasi</strong></span> <span class='ocrx_word' id='word_1_206' title='bbox 247 2833 271 2902; x_wconf 91' lang='lat' dir='ltr'><strong>il</strong></span> <span class='ocrx_word' id='word_1_207' title='bbox 286 2835 489 2905; x_wconf 91' lang='lat' dir='ltr'><strong>medessimo</strong></span> <span class='ocrx_word' id='word_1_208' title='bbox 504 2838 638 2918; x_wconf 79' lang='lat' dir='ltr'><strong>effect03</strong></span> <span class='ocrx_word' id='word_1_209' title='bbox 657 2848 692 2906; x_wconf 92' lang='lat' dir='ltr'><strong>et</strong></span> <span class='ocrx_word' id='word_1_210' title='bbox 708 2835 781 2905; x_wconf 86' lang='lat' dir='ltr'><strong>cosi</strong></span> <span class='ocrx_word' id='word_1_211' title='bbox 797 2857 867 2903; x_wconf 89' lang='lat' dir='ltr'><strong>non</strong></span> <span class='ocrx_word' id='word_1_212' title='bbox 883 2832 1003 2904; x_wconf 90' lang='lat' dir='ltr'><strong>dubito</strong></span> <span class='ocrx_word' id='word_1_213' title='bbox 1019 2835 1109 2904; x_wconf 89' lang='lat' dir='ltr'><strong>della</strong></span> <span class='ocrx_word' id='word_1_214' title='bbox 1124 2833 1302 2920; x_wconf 60' lang='lat' dir='ltr'><strong>benignita</strong></span> <span class='ocrx_word' id='word_1_215' title='bbox 1319 2835 1362 2902; x_wconf 89' lang='lat' dir='ltr'><strong>de</strong></span> 
     </span>
     <span class='ocr_line' id='line_1_22' title="bbox 125 2950 1095 3042; baseline -0.002 -24"><span class='ocrx_word' id='word_1_216' title='bbox 125 2951 177 3018; x_wconf 88' lang='lat' dir='ltr'><strong>V.</strong></span> <span class='ocrx_word' id='word_1_217' title='bbox 195 2953 235 3018; x_wconf 91' lang='lat' dir='ltr'><strong>E.</strong></span> <span class='ocrx_word' id='word_1_218' title='bbox 255 2953 320 3020; x_wconf 91' lang='lat' dir='ltr'><strong>che</strong></span> <span class='ocrx_word' id='word_1_219' title='bbox 335 2950 371 3018; x_wconf 94' lang='lat' dir='ltr'><strong>di</strong></span> <span class='ocrx_word' id='word_1_220' title='bbox 386 2951 440 3020; x_wconf 83' lang='lat' dir='ltr'><strong>eid</strong></span> <span class='ocrx_word' id='word_1_221' title='bbox 457 2953 585 3022; x_wconf 79' lang='lat' dir='ltr'><strong>restari</strong></span> <span class='ocrx_word' id='word_1_222' title='bbox 603 2952 732 3042; x_wconf 80' lang='lat' dir='ltr'><strong>seruita</strong></span> <span class='ocrx_word' id='word_1_223' title='bbox 746 2950 761 2992; x_wconf 74' lang='lat'><strong>¹²</strong></span> <span class='ocrx_word' id='word_1_224' title='bbox 777 2975 797 3019; x_wconf 85' lang='lat' dir='ltr'><strong>a</strong></span> <span class='ocrx_word' id='word_1_225' title='bbox 813 2951 922 3040; x_wconf 86' lang='lat' dir='ltr'><strong>gloria</strong></span> <span class='ocrx_word' id='word_1_226' title='bbox 937 2951 1054 3018; x_wconf 83' lang='lat' dir='ltr'><strong>diuina</strong></span> <span class='ocrx_word' id='word_1_227' title='bbox 1070 2952 1095 3016; x_wconf 84' lang='lat'><strong>⁴.</strong></span> 
     </span>
    </p>
   </div>
   <div class='ocr_carea' id='block_1_3' title="bbox 121 3129 1362 3834">
    <p class='ocr_par' dir='ltr' id='par_1_4' title="bbox 121 3129 1362 3834">
     <span class='ocr_line' id='line_1_23' title="bbox 184 3129 1362 3204; baseline -0.002 -18"><span class='ocrx_word' id='word_1_228' title='bbox 184 3132 199 3172; x_wconf 82' lang='lat' dir='ltr'>b</span> <span class='ocrx_word' id='word_1_229' title='bbox 238 3131 409 3202; x_wconf 76' lang='lat' dir='ltr'><strong>Superiora</strong></span> <span class='ocrx_word' id='word_1_230' title='bbox 422 3131 575 3187; x_wconf 83' lang='lat' dir='ltr'><strong>sexverba</strong></span> <span class='ocrx_word' id='word_1_231' title='bbox 588 3132 710 3188; x_wconf 81' lang='lat' dir='ltr'><strong>addidit</strong></span> <span class='ocrx_word' id='word_1_232' title='bbox 724 3133 757 3188; x_wconf 89' lang='lat' dir='ltr'><strong>S.</strong></span> <span class='ocrx_word' id='word_1_233' title='bbox 772 3132 875 3204; x_wconf 77' lang='lat' dir='ltr'><strong>[gual.</strong></span> <span class='ocrx_word' id='word_1_234' title='bbox 914 3145 962 3175; x_wconf 77' lang='lat'><strong>-0</strong></span> <span class='ocrx_word' id='word_1_235' title='bbox 980 3129 1181 3186; x_wconf 83' lang='lat' dir='ltr'><strong>Hoeverbum</strong></span> <span class='ocrx_word' id='word_1_236' title='bbox 1196 3131 1290 3184; x_wconf 78' lang='lat' dir='ltr'><strong>etiam</strong></span> <span class='ocrx_word' id='word_1_237' title='bbox 1308 3131 1362 3184; x_wconf 84' lang='lat' dir='ltr'><strong>ud·</strong></span> 
     </span>
     <span class='ocr_line' id='line_1_24' title="bbox 122 3217 1362 3294; baseline 0 -20"><span class='ocrx_word' id='word_1_238' title='bbox 122 3217 210 3274; x_wconf 81' lang='lat' dir='ltr'><strong>didit</strong></span> <span class='ocrx_word' id='word_1_239' title='bbox 223 3221 256 3277; x_wconf 89' lang='lat' dir='ltr'><strong>S.</strong></span> <span class='ocrx_word' id='word_1_240' title='bbox 269 3221 374 3294; x_wconf 80' lang='lat' dir='ltr'><strong>Ignat.</strong></span> <span class='ocrx_word' id='word_1_241' title='bbox 410 3221 461 3264; x_wconf 78' lang='lat' dir='ltr'><strong>..ct</strong></span> <span class='ocrx_word' id='word_1_242' title='bbox 481 3220 644 3292; x_wconf 80' lang='lat' dir='ltr'><strong>Sequentia</strong></span> <span class='ocrx_word' id='word_1_243' title='bbox 657 3235 691 3290; x_wconf 85' lang='lat'><strong>27</strong></span> <span class='ocrx_word' id='word_1_244' title='bbox 704 3222 805 3285; x_wconf 83' lang='lat' dir='ltr'><strong>verba,</strong></span> <span class='ocrx_word' id='word_1_245' title='bbox 819 3221 931 3278; x_wconf 81' lang='lat' dir='ltr'><strong>scilicet</strong></span> <span class='ocrx_word' id='word_1_246' title='bbox 945 3237 1035 3291; x_wconf 83' lang='lat' dir='ltr'><strong>usque</strong></span> <span class='ocrx_word' id='word_1_247' title='bbox 1049 3219 1224 3275; x_wconf 82' lang='lat' dir='ltr'><strong>adverbum</strong></span> <span class='ocrx_word' id='word_1_248' title='bbox 1237 3225 1362 3274; x_wconf 84' lang='lat' dir='ltr'><strong>estraor·</strong></span> 
     </span>
     <span class='ocr_line' id='line_1_25' title="bbox 122 3307 1361 3383; baseline -0.001 -20"><span class='ocrx_word' id='word_1_249' title='bbox 122 3307 352 3380; x_wconf 81' lang='lat' dir='ltr'><strong>dinariamente,</strong></span> <span class='ocrx_word' id='word_1_250' title='bbox 365 3309 489 3380; x_wconf 75' lang='lat' dir='ltr'><strong>scripsit</strong></span> <span class='ocrx_word' id='word_1_251' title='bbox 507 3311 540 3366; x_wconf 90' lang='lat' dir='ltr'><strong>S.</strong></span> <span class='ocrx_word' id='word_1_252' title='bbox 558 3310 714 3383; x_wconf 79' lang='lat' dir='ltr'><strong>[gnatius,·</strong></span> <span class='ocrx_word' id='word_1_253' title='bbox 727 3309 818 3382; x_wconf 88' lang='lat' dir='ltr'><strong>prius</strong></span> <span class='ocrx_word' id='word_1_254' title='bbox 835 3310 1008 3365; x_wconf 82' lang='lat' dir='ltr'><strong>emendavit</strong></span> <span class='ocrx_word' id='word_1_255' title='bbox 1025 3325 1101 3380; x_wconf 84' lang='lat' dir='ltr'><strong>quae</strong></span> <span class='ocrx_word' id='word_1_256' title='bbox 1118 3308 1284 3379; x_wconf 76' lang='lat' dir='ltr'><strong>scripserat</strong></span> <span class='ocrx_word' id='word_1_257' title='bbox 1304 3307 1361 3362; x_wconf 90' lang='lat' dir='ltr'><strong>Po·</strong></span> 
     </span>
     <span class='ocr_line' id='line_1_26' title="bbox 122 3397 1360 3472; baseline -0.002 -17"><span class='ocrx_word' id='word_1_258' title='bbox 122 3399 246 3466; x_wconf 79' lang='lat' dir='ltr'><strong>lartcus;</strong></span> <span class='ocrx_word' id='word_1_259' title='bbox 258 3403 364 3472; x_wconf 79' lang='lat' dir='ltr'><strong>etpost</strong></span> <span class='ocrx_word' id='word_1_260' title='bbox 376 3401 618 3456; x_wconf 79' lang='lat' dir='ltr'><strong>emendationem</strong></span> <span class='ocrx_word' id='word_1_261' title='bbox 629 3401 751 3472; x_wconf 85' lang='lat' dir='ltr'><strong>factam</strong></span> <span class='ocrx_word' id='word_1_262' title='bbox 769 3401 874 3456; x_wconf 86' lang='lat' dir='ltr'><strong>omnia</strong></span> <span class='ocrx_word' id='word_1_263' title='bbox 887 3400 1070 3472; x_wconf 76' lang='lat' dir='ltr'><strong>obliteravit,</strong></span> <span class='ocrx_word' id='word_1_264' title='bbox 1087 3402 1117 3454; x_wconf 87' lang='lat' dir='ltr'><strong>et</strong></span> <span class='ocrx_word' id='word_1_265' title='bbox 1132 3397 1253 3470; x_wconf 76' lang='lat' dir='ltr'><strong>scripsit</strong></span> <span class='ocrx_word' id='word_1_266' title='bbox 1270 3397 1360 3453; x_wconf 81' lang='lat' dir='ltr'><strong>verba</strong></span> 
     </span>
     <span class='ocr_line' id='line_1_27' title="bbox 121 3488 1361 3562; baseline -0.002 -19"><span class='ocrx_word' id='word_1_267' title='bbox 121 3489 266 3562; x_wconf 87' lang='lat' dir='ltr'><strong>superius</strong></span> <span class='ocrx_word' id='word_1_268' title='bbox 279 3493 394 3546; x_wconf 84' lang='lat' dir='ltr'><strong>notata.</strong></span> <span class='ocrx_word' id='word_1_269' title='bbox 432 3505 481 3532; x_wconf 63' lang='grc' dir='ltr'><strong>-ο</strong></span> <span class='ocrx_word' id='word_1_270' title='bbox 499 3489 525 3545; x_wconf 88' lang='lat' dir='ltr'><strong>si</strong></span> <span class='ocrx_word' id='word_1_271' title='bbox 538 3489 640 3562; x_wconf 75' lang='lat' dir='ltr'><strong>poteri</strong></span> <span class='ocrx_word' id='word_1_272' title='bbox 658 3492 749 3546; x_wconf 88' lang='lat' dir='ltr'><strong>haucr</strong></span> <span class='ocrx_word' id='word_1_273' title='bbox 767 3489 888 3562; x_wconf 85' lang='lat' dir='ltr'><strong>scripsit</strong></span> <span class='ocrx_word' id='word_1_274' title='bbox 909 3490 939 3544; x_wconf 88' lang='lat' dir='ltr'><strong>S.</strong></span> <span class='ocrx_word' id='word_1_275' title='bbox 960 3489 1079 3561; x_wconf 80' lang='lat' dir='ltr'><strong>Ignat.;</strong></span> <span class='ocrx_word' id='word_1_276' title='bbox 1092 3489 1183 3561; x_wconf 87' lang='lat' dir='ltr'><strong>prius</strong></span> <span class='ocrx_word' id='word_1_277' title='bbox 1201 3488 1361 3560; x_wconf 82' lang='lat' dir='ltr'><strong>legebatur</strong></span> 
     </span>
     <span class='ocr_line' id='line_1_28' title="bbox 122 3578 1358 3653; baseline -0.002 -19"><span class='ocrx_word' id='word_1_278' title='bbox 122 3579 245 3636; x_wconf 80' lang='lat' dir='ltr'><strong>hauerir.</strong></span> <span class='ocrx_word' id='word_1_279' title='bbox 285 3580 331 3622; x_wconf 85' lang='lat' dir='ltr'><strong>..t</strong></span> <span class='ocrx_word' id='word_1_280' title='bbox 346 3595 379 3635; x_wconf 87' lang='lat' dir='ltr'><strong>se</strong></span> <span class='ocrx_word' id='word_1_281' title='bbox 391 3579 456 3634; x_wconf 83' lang='lat' dir='ltr'><strong>satir</strong></span> <span class='ocrx_word' id='word_1_282' title='bbox 469 3578 637 3636; x_wconf 84' lang='lat' dir='ltr'><strong>necessario</strong></span> <span class='ocrx_word' id='word_1_283' title='bbox 648 3580 771 3652; x_wconf 86' lang='lat' dir='ltr'><strong>scripsit</strong></span> <span class='ocrx_word' id='word_1_284' title='bbox 784 3579 815 3634; x_wconf 89' lang='lat' dir='ltr'><strong>S.</strong></span> <span class='ocrx_word' id='word_1_285' title='bbox 830 3580 947 3653; x_wconf 83' lang='lat' dir='ltr'><strong>Iguat.;</strong></span> <span class='ocrx_word' id='word_1_286' title='bbox 955 3579 1048 3651; x_wconf 84' lang='lat' dir='ltr'><strong>prius</strong></span> <span class='ocrx_word' id='word_1_287' title='bbox 1057 3578 1214 3650; x_wconf 76' lang='lat' dir='ltr'><strong>tegebatur</strong></span> <span class='ocrx_word' id='word_1_288' title='bbox 1224 3578 1251 3632; x_wconf 84' lang='lat' dir='ltr'><strong>al</strong></span> <span class='ocrx_word' id='word_1_289' title='bbox 1261 3593 1358 3632; x_wconf 82' lang='lat' dir='ltr'><strong>mend.</strong></span> 
     </span>
     <span class='ocr_line' id='line_1_29' title="bbox 125 3666 1359 3742; baseline 0.001 -19"><span class='ocrx_word' id='word_1_290' title='bbox 125 3685 176 3723; x_wconf 85' lang='lat' dir='ltr'><strong>-r</strong></span> <span class='ocrx_word' id='word_1_291' title='bbox 195 3667 310 3725; x_wconf 86' lang='lat' dir='ltr'><strong>Novem</strong></span> <span class='ocrx_word' id='word_1_292' title='bbox 323 3671 484 3742; x_wconf 82' lang='lat' dir='ltr'><strong>superiora</strong></span> <span class='ocrx_word' id='word_1_293' title='bbox 497 3669 587 3730; x_wconf 86' lang='lat' dir='ltr'><strong>verba</strong></span> <span class='ocrx_word' id='word_1_294' title='bbox 599 3668 725 3725; x_wconf 84' lang='lat' dir='ltr'><strong>addidit</strong></span> <span class='ocrx_word' id='word_1_295' title='bbox 736 3671 769 3726; x_wconf 90' lang='lat' dir='ltr'><strong>S.</strong></span> <span class='ocrx_word' id='word_1_296' title='bbox 784 3669 888 3742; x_wconf 83' lang='lat' dir='ltr'><strong>Ignat.</strong></span> <span class='ocrx_word' id='word_1_297' title='bbox 925 3670 975 3712; x_wconf 74' lang='lat' dir='ltr'><strong>-h</strong></span> <span class='ocrx_word' id='word_1_298' title='bbox 999 3666 1075 3722; x_wconf 86' lang='lat' dir='ltr'><strong>Tria</strong></span> <span class='ocrx_word' id='word_1_299' title='bbox 1092 3666 1248 3738; x_wconf 81' lang='lat' dir='ltr'><strong>sequeutia</strong></span> <span class='ocrx_word' id='word_1_300' title='bbox 1268 3667 1359 3724; x_wconf 81' lang='lat' dir='ltr'><strong>verba</strong></span> 
     </span>
     <span class='ocr_line' id='line_1_30' title="bbox 121 3759 413 3834; baseline 0 -19"><span class='ocrx_word' id='word_1_301' title='bbox 121 3759 250 3816; x_wconf 82' lang='lat' dir='ltr'><strong>addidit</strong></span> <span class='ocrx_word' id='word_1_302' title='bbox 264 3759 296 3815; x_wconf 93' lang='lat' dir='ltr'><strong>S.</strong></span> <span class='ocrx_word' id='word_1_303' title='bbox 310 3759 413 3834; x_wconf 80' lang='lat' dir='ltr'><strong>Ignat.</strong></span> 
     </span>
    </p>
   </div>
   <div class='ocr_carea' id='block_1_4' title="bbox 176 3908 1461 3984">
    <p class='ocr_par' dir='ltr' id='par_1_5' title="bbox 176 3908 1461 3984">
     <span class='ocr_line' id='line_1_31' title="bbox 176 3908 1461 3984; baseline -0.002 -19"><span class='ocrx_word' id='word_1_304' title='bbox 176 3917 189 3948; x_wconf 76' lang='lat'><strong>¹</strong></span> <span class='ocrx_word' id='word_1_305' title='bbox 228 3913 506 3983; x_wconf 83' lang='lat' dir='ltr'><strong>uRogarunt...tam</strong></span> <span class='ocrx_word' id='word_1_306' title='bbox 520 3913 589 3966; x_wconf 85' lang='lat' dir='ltr'><strong>Dux</strong></span> <span class='ocrx_word' id='word_1_307' title='bbox 602 3927 689 3984; x_wconf 87' lang='lat' dir='ltr'><strong>quam</strong></span> <span class='ocrx_word' id='word_1_308' title='bbox 703 3912 767 3984; x_wconf 83' lang='lat' dir='ltr'><strong>ipse</strong></span> <span class='ocrx_word' id='word_1_309' title='bbox 780 3909 950 3967; x_wconf 80' lang='lat' dir='ltr'><strong>Alexander</strong></span> <span class='ocrx_word' id='word_1_310' title='bbox 962 3909 1102 3982; x_wconf 84' lang='lat' dir='ltr'><strong>[Fiaschi]</strong></span> <span class='ocrx_word' id='word_1_311' title='bbox 1115 3909 1150 3966; x_wconf 90' lang='lat' dir='ltr'><strong>P.</strong></span> <span class='ocrx_word' id='word_1_312' title='bbox 1163 3908 1312 3982; x_wconf 83' lang='lat' dir='ltr'><strong>Ignatium</strong></span> <span class='ocrx_word' id='word_1_313' title='bbox 1327 3918 1359 3964; x_wconf 90' lang='lat' dir='ltr'><strong>ut</strong></span> <span class='ocrx_word' id='word_1_314' title='bbox 1460 3915 1461 3918; x_wconf 76' lang='grc'>’</span> 
     </span>
    </p>
   </div>
   <div class='ocr_carea' id='block_1_5' title="bbox 118 3998 1358 4787">
    <p class='ocr_par' dir='ltr' id='par_1_6' title="bbox 120 3998 1358 4253">
     <span class='ocr_line' id='line_1_32' title="bbox 120 3998 1358 4074; baseline -0.004 -16"><span class='ocrx_word' id='word_1_315' title='bbox 120 3999 279 4074; x_wconf 81' lang='lat' dir='ltr'><strong>cujusdam</strong></span> <span class='ocrx_word' id='word_1_316' title='bbox 291 4001 461 4057; x_wconf 86' lang='lat' dir='ltr'><strong>monasterii</strong></span> <span class='ocrx_word' id='word_1_317' title='bbox 474 4001 635 4072; x_wconf 86' lang='lat' dir='ltr'><strong>virginum,</strong></span> <span class='ocrx_word' id='word_1_318' title='bbox 648 4017 723 4074; x_wconf 88' lang='lat' dir='ltr'><strong>quae</strong></span> <span class='ocrx_word' id='word_1_319' title='bbox 736 4017 753 4056; x_wconf 87' lang='lat' dir='ltr'><strong>a</strong></span> <span class='ocrx_word' id='word_1_320' title='bbox 766 4001 845 4056; x_wconf 86' lang='lat' dir='ltr'><strong>Rosa</strong></span> <span class='ocrx_word' id='word_1_321' title='bbox 855 4001 1110 4072; x_wconf 82' lang='lat' dir='ltr'><strong>nuncupabantur,</strong></span> <span class='ocrx_word' id='word_1_322' title='bbox 1124 4016 1140 4053; x_wconf 91' lang='lat' dir='ltr'><strong>a</strong></span> <span class='ocrx_word' id='word_1_323' title='bbox 1154 4007 1247 4054; x_wconf 87' lang='lat' dir='ltr'><strong>matre</strong></span> <span class='ocrx_word' id='word_1_324' title='bbox 1265 3998 1358 4070; x_wconf 88' lang='lat' dir='ltr'><strong>ipsius</strong></span> 
     </span>
     <span class='ocr_line' id='line_1_33' title="bbox 122 4076 1358 4164; baseline -0.004 -16"><span class='ocrx_word' id='word_1_325' title='bbox 122 4092 217 4148; x_wconf 90' lang='lat' dir='ltr'><strong>Ducis</strong></span> <span class='ocrx_word' id='word_1_326' title='bbox 231 4089 380 4162; x_wconf 86' lang='lat' dir='ltr'><strong>[Lucretia</strong></span> <span class='ocrx_word' id='word_1_327' title='bbox 393 4089 513 4162; x_wconf 81' lang='lat' dir='ltr'><strong>Borgia]</strong></span> <span class='ocrx_word' id='word_1_328' title='bbox 527 4091 628 4161; x_wconf 86' lang='lat' dir='ltr'><strong>erecti,</strong></span> <span class='ocrx_word' id='word_1_329' title='bbox 643 4107 743 4145; x_wconf 89' lang='lat' dir='ltr'><strong>curam</strong></span> <span class='ocrx_word' id='word_1_330' title='bbox 756 4076 861 4164; x_wconf 65' lang='lat' dir='ltr'><strong>aliduis</strong></span> <span class='ocrx_word' id='word_1_331' title='bbox 875 4098 1040 4146; x_wconf 88' lang='lat' dir='ltr'><strong>nostrorum</strong></span> <span class='ocrx_word' id='word_1_332' title='bbox 1061 4088 1246 4144; x_wconf 84' lang='lat' dir='ltr'><strong>sacerdotum</strong></span> <span class='ocrx_word' id='word_1_333' title='bbox 1266 4088 1358 4162; x_wconf 86' lang='lat' dir='ltr'><strong>susci-</strong></span> 
     </span>
     <span class='ocr_line' id='line_1_34' title="bbox 122 4177 1219 4253; baseline -0.003 -17"><span class='ocrx_word' id='word_1_334' title='bbox 122 4189 239 4253; x_wconf 65' lang='lat' dir='ltr'><strong>peret.»</strong></span> <span class='ocrx_word' id='word_1_335' title='bbox 253 4180 436 4247; x_wconf 72' lang='lat' dir='ltr'><strong>PotauctJS,</strong></span> <span class='ocrx_word' id='word_1_336' title='bbox 452 4179 576 4244; x_wconf 64' lang='lat' dir='ltr'><strong>chron„</strong></span> <span class='ocrx_word' id='word_1_337' title='bbox 590 4180 630 4246; x_wconf 92' lang='lat' dir='ltr'><strong>Il,</strong></span> <span class='ocrx_word' id='word_1_338' title='bbox 646 4179 697 4234; x_wconf 83' lang='lat'><strong>186</strong></span> <span class='ocrx_word' id='word_1_339' title='bbox 710 4187 740 4236; x_wconf 90' lang='lat' dir='ltr'><strong>et</strong></span> <span class='ocrx_word' id='word_1_340' title='bbox 755 4179 816 4247; x_wconf 88' lang='lat'><strong><em>187.</em></strong></span> <span class='ocrx_word' id='word_1_341' title='bbox 831 4179 907 4234; x_wconf 90' lang='lat' dir='ltr'><strong>Vide</strong></span> <span class='ocrx_word' id='word_1_342' title='bbox 920 4178 1075 4252; x_wconf 84' lang='lat' dir='ltr'><strong>epistolam</strong></span> <span class='ocrx_word' id='word_1_343' title='bbox 1092 4177 1160 4232; x_wconf 87' lang='lat'>1826</span> <span class='ocrx_word' id='word_1_344' title='bbox 1173 4180 1219 4233; x_wconf 68' lang='lat' dir='ltr'><strong>bis.</strong></span> 
     </span>
    </p>

    <p class='ocr_par' dir='ltr' id='par_1_7' title="bbox 177 4269 595 4342">
     <span class='ocr_line' id='line_1_35' title="bbox 177 4269 595 4342; baseline -0.002 -17"><span class='ocrx_word' id='word_1_345' title='bbox 177 4273 189 4305; x_wconf 80' lang='lat'>⁸</span> <span class='ocrx_word' id='word_1_346' title='bbox 228 4269 414 4342; x_wconf 83' lang='lat' dir='ltr'><strong>Videsupra,</strong></span> <span class='ocrx_word' id='word_1_347' title='bbox 429 4270 453 4340; x_wconf 87' lang='lat'><strong>1,</strong></span> <span class='ocrx_word' id='word_1_348' title='bbox 466 4281 595 4338; x_wconf 86' lang='lat'>515·519·</span> 
     </span>
    </p>

    <p class='ocr_par' dir='ltr' id='par_1_8' title="bbox 118 4355 1357 4787">
     <span class='ocr_line' id='line_1_36' title="bbox 176 4355 1356 4430; baseline -0.002 -18"><span class='ocrx_word' id='word_1_349' title='bbox 176 4363 189 4395; x_wconf 83' lang='lat'>⁴</span> <span class='ocrx_word' id='word_1_350' title='bbox 227 4358 472 4415; x_wconf 74' lang='lat' dir='ltr'><strong>«Excusationem</strong></span> <span class='ocrx_word' id='word_1_351' title='bbox 486 4357 555 4414; x_wconf 83' lang='lat' dir='ltr'><strong>Dux</strong></span> <span class='ocrx_word' id='word_1_352' title='bbox 568 4366 599 4413; x_wconf 90' lang='lat' dir='ltr'><strong>et</strong></span> <span class='ocrx_word' id='word_1_353' title='bbox 612 4358 700 4413; x_wconf 82' lang='lat' dir='ltr'><strong>amici</strong></span> <span class='ocrx_word' id='word_1_354' title='bbox 713 4357 907 4425; x_wconf 82' lang='lat' dir='ltr'><strong>admiserunt,</strong></span> <span class='ocrx_word' id='word_1_355' title='bbox 920 4374 987 4413; x_wconf 92' lang='lat' dir='ltr'><strong>cum</strong></span> <span class='ocrx_word' id='word_1_356' title='bbox 1001 4356 1173 4430; x_wconf 87' lang='lat' dir='ltr'><strong>praesertim</strong></span> <span class='ocrx_word' id='word_1_357' title='bbox 1187 4356 1224 4411; x_wconf 86' lang='lat' dir='ltr'><strong>ad</strong></span> <span class='ocrx_word' id='word_1_358' title='bbox 1237 4355 1356 4411; x_wconf 84' lang='lat' dir='ltr'><strong>audien·</strong></span> 
     </span>
     <span class='ocr_line' id='line_1_37' title="bbox 119 4445 1357 4520; baseline -0.004 -15"><span class='ocrx_word' id='word_1_359' title='bbox 119 4449 175 4505; x_wconf 80' lang='lat' dir='ltr'><strong>das</strong></span> <span class='ocrx_word' id='word_1_360' title='bbox 187 4450 281 4504; x_wconf 87' lang='lat' dir='ltr'><strong>semel</strong></span> <span class='ocrx_word' id='word_1_361' title='bbox 294 4449 423 4520; x_wconf 79' lang='lat' dir='ltr'><strong>ipsarum</strong></span> <span class='ocrx_word' id='word_1_362' title='bbox 436 4447 640 4503; x_wconf 80' lang='lat' dir='ltr'><strong>confessiones</strong></span> <span class='ocrx_word' id='word_1_363' title='bbox 658 4449 706 4502; x_wconf 88' lang='lat' dir='ltr'><strong>vel</strong></span> <span class='ocrx_word' id='word_1_364' title='bbox 725 4447 833 4502; x_wconf 88' lang='lat' dir='ltr'><strong>iterum</strong></span> <span class='ocrx_word' id='word_1_365' title='bbox 851 4463 909 4502; x_wconf 89' lang='lat' dir='ltr'><strong>non</strong></span> <span class='ocrx_word' id='word_1_366' title='bbox 926 4446 1094 4503; x_wconf 84' lang='lat' dir='ltr'><strong>defuturam</strong></span> <span class='ocrx_word' id='word_1_367' title='bbox 1112 4463 1179 4502; x_wconf 85' lang='lat' dir='ltr'><strong>esse</strong></span> <span class='ocrx_word' id='word_1_368' title='bbox 1198 4445 1357 4501; x_wconf 84' lang='lat' dir='ltr'><strong>Societatis</strong></span> 
     </span>
     <span class='ocr_line' id='line_1_38' title="bbox 121 4534 1356 4611; baseline -0.005 -17"><span class='ocrx_word' id='word_1_369' title='bbox 121 4554 243 4611; x_wconf 88' lang='lat' dir='ltr'><strong>operam</strong></span> <span class='ocrx_word' id='word_1_370' title='bbox 255 4536 469 4609; x_wconf 83' lang='lat' dir='ltr'><strong>intelligerent3</strong></span> <span class='ocrx_word' id='word_1_371' title='bbox 483 4543 514 4591; x_wconf 91' lang='lat' dir='ltr'><strong>et</strong></span> <span class='ocrx_word' id='word_1_372' title='bbox 527 4543 559 4591; x_wconf 92' lang='lat' dir='ltr'><strong>ut</strong></span> <span class='ocrx_word' id='word_1_373' title='bbox 573 4534 704 4610; x_wconf 83' lang='lat' dir='ltr'><strong>aliquem</strong></span> <span class='ocrx_word' id='word_1_374' title='bbox 714 4536 899 4592; x_wconf 87' lang='lat' dir='ltr'><strong>sacerdotem</strong></span> <span class='ocrx_word' id='word_1_375' title='bbox 914 4536 1052 4592; x_wconf 87' lang='lat' dir='ltr'><strong>idoneum</strong></span> <span class='ocrx_word' id='word_1_376' title='bbox 1066 4536 1124 4592; x_wconf 87' lang='lat' dir='ltr'><strong>sibi</strong></span> <span class='ocrx_word' id='word_1_377' title='bbox 1142 4544 1243 4592; x_wconf 87' lang='lat' dir='ltr'><strong>notum</strong></span> <span class='ocrx_word' id='word_1_378' title='bbox 1263 4535 1356 4590; x_wconf 85' lang='lat' dir='ltr'><strong>nostri</strong></span> 
     </span>
     <span class='ocr_line' id='line_1_39' title="bbox 118 4623 1356 4700; baseline -0.004 -17"><span class='ocrx_word' id='word_1_379' title='bbox 118 4627 227 4684; x_wconf 85' lang='lat' dir='ltr'><strong>adhoc</strong></span> <span class='ocrx_word' id='word_1_380' title='bbox 246 4644 320 4700; x_wconf 86' lang='lat' dir='ltr'><strong>opus</strong></span> <span class='ocrx_word' id='word_1_381' title='bbox 338 4624 525 4698; x_wconf 86' lang='lat' dir='ltr'><strong>dirigendum</strong></span> <span class='ocrx_word' id='word_1_382' title='bbox 544 4627 741 4696; x_wconf 84' lang='lat' dir='ltr'><strong>hortarentur,</strong></span> <span class='ocrx_word' id='word_1_383' title='bbox 762 4626 941 4698; x_wconf 78' lang='lat' dir='ltr'><strong>petierunt.»</strong></span> <span class='ocrx_word' id='word_1_384' title='bbox 962 4627 1146 4688; x_wconf 71' lang='lat' dir='ltr'><strong>Focaneus,</strong></span> <span class='ocrx_word' id='word_1_385' title='bbox 1167 4625 1294 4688; x_wconf 72' lang='lat' dir='ltr'><strong>Cicron„</strong></span> <span class='ocrx_word' id='word_1_386' title='bbox 1315 4623 1356 4690; x_wconf 89' lang='lat'><strong>11,</strong></span> 
     </span>
     <span class='ocr_line' id='line_1_40' title="bbox 124 4715 735 4787; baseline -0.002 -13"><span class='ocrx_word' id='word_1_387' title='bbox 124 4718 186 4787; x_wconf 80' lang='lat'>1873</span> <span class='ocrx_word' id='word_1_388' title='bbox 201 4715 424 4786; x_wconf 73' lang='lat' dir='ltr'><strong>Oritanorum,</strong></span> <span class='ocrx_word' id='word_1_389' title='bbox 439 4717 491 4787; x_wconf 82' lang='lat' dir='ltr'><strong>xl,</strong></span> <span class='ocrx_word' id='word_1_390' title='bbox 506 4715 552 4773; x_wconf 86' lang='lat'><strong>30.</strong></span> <span class='ocrx_word' id='word_1_391' title='bbox 733 4717 735 4722; x_wconf 83' lang='grc'>’</span> 
     </span>
    </p>
   </div>
   <div class='ocr_carea' id='block_1_6' title="bbox 0 0 1738 5418">
    <p class='ocr_par' dir='ltr' id='par_1_9' title="bbox 0 0 1738 5418">
     <span class='ocr_line' id='line_1_41' title="bbox 0 0 1738 5418; baseline 0 3"><span class='ocrx_word' id='word_1_392' title='bbox 0 0 1738 5418; x_wconf 95' lang='lat' dir='ltr'><strong> </strong></span> 
     </span>
    </p>
   </div>
  </div>
 </body>
</html>
