3620 5428
489 357 494 386 i

557 473 662 529 Epist.
685 473 915 542 1175.-7Ma11
937 485 1005 541 1550

756 656 832 735 1175

443 796 617 884 JOANNI
649 796 913 866 BAPTISTAE
944 796 1121 864 VIOLAE

614 949 704 994 noun
721 950 739 1007 7
757 951 827 1004 unp
843 950 913 1008 1550
934 942 954 994 ¹.

414 1073 500 1129 Vinia
513 1077 612 1129 rector
623 1071 745 1146 collegii
753 1071 935 1146 parisiensis
948 1075 1158 1128 renuntiatur.

230 1209 372 1278 Dilecto
388 1209 423 1276 in
440 1209 580 1278 Christo
592 1209 689 1276 fratri
702 1179 794 1296 Mag'.
812 1209 988 1296 Baptistae
1001 1201 1137 1290 Violeo,
1152 1210 1320 1279 sacerdoti
1333 1211 1398 1280 So·
1471 1196 1474 1205 ¹

157 1325 303 1394 cietatis
315 1329 412 1414 Jesu‚
429 1327 573 1396 salutem
589 1326 624 1393 in
642 1323 791 1394 Domino
807 1325 1063 1412 sempiternam.

230 1443 338 1522 Cum,
356 1453 533 1511 crescente
553 1441 588 1508 in
604 1441 677 1509 dies
693 1462 836 1508 numero
851 1462 982 1521 eorum,
1002 1441 1061 1526 qui
1078 1453 1234 1509 nostrum
1259 1441 1396 1508 institu-

164 1569 237 1622 tum
255 1557 405 1624 diuersis
421 1555 457 1623 in
472 1557 670 1644 regionibus
681 1565 885 1641 sequuntur,
899 1569 1032 1624 crescat
1045 1557 1173 1644 etia[m]
1193 1557 1296 1625 rebus
1310 1557 1397 1623 mul-

162 1672 206 1737 tis
219 1671 441 1758 prouidendi,
458 1682 494 1740 et
509 1683 760 1758 consequenter
775 1675 841 1738 hoc
858 1693 946 1738 onus
963 1693 1042 1739 curn
1059 1672 1133 1740 aliis
1150 1671 1318 1758 partiendi
1335 1695 1397 1741 ne-

162 1787 323 1868 cessitas,
342 1789 452 1854 visum
469 1801 521 1854 est
538 1789 573 1854 in
589 1788 740 1856 Domino
757 1787 929 1874 expedire,
948 1799 994 1867 te,
1010 1789 1109 1854 cuius
1125 1787 1342 1874 prudentiam
1357 1809 1397 1854 ac

165 1902 342 1986 pietatem,
361 1925 448 1988 quae
475 1903 580 1971 estin
608 1906 809 1992 Xpo.Jesu,
833 1911 867 1971 et
895 1902 1158 1972 sollicitudinem
1180 1903 1214 1968 in
1236 1903 1398 1990 regendis

164 2015 253 2101 aliis,
272 2019 332 2104 qui
350 2031 505 2086 nostrum
522 2017 716 2086 institutum
733 2017 872 2086 Parisiis
887 2028 1092 2106 sequuntur,
1117 2018 1247 2106 experti
1263 2040 1396 2099 sumus,

164 2131 201 2198 in
217 2147 390 2203 rectorem
407 2134 686 2222 congregationis
706 2133 858 2202 eiusdem
881 2116 996 2202 creare
1019 2151 1061 2200 ac
1082 2133 1306 2203 constituere.
1325 2135 1398 2201 Nos

167 2247 275 2333 igitur
291 2271 429 2316 omnem
447 2249 685 2317 auctoritatem
702 2261 736 2316 et
752 2261 969 2335 potestatem,
993 2269 1095 2336 quarn
1111 2249 1207 2336 prius
1227 2250 1395 2328 dedimus,

166 2365 405 2432 confirmando
421 2377 456 2433 et
472 2367 515 2432 ad
532 2365 659 2445 omnia,
679 2387 768 2450 quae
784 2387 858 2445 nos,
877 2363 905 2430 si
922 2377 1100 2451 presentes
1120 2385 1287 2445 essemus
1304 2364 1395 2431 circa

168 2499 222 2545 res
242 2493 278 2547 et
296 2503 471 2566 personas,
493 2483 538 2548 ad
558 2481 762 2551 Societatem
791 2491 942 2546 nostram
970 2479 1193 2567 pertinentes,
1216 2480 1397 2566 disponere

169 2615 359 2678 possemus,
379 2597 523 2663 eandem
544 2597 772 2679 extendendo,
796 2607 830 2663 te
854 2595 888 2660 in
910 2604 1077 2662 rectorem
1098 2595 1393 2682 congregationis,
1500 2627 1504 2632 ·

170 2732 228 2775 seu
244 2711 395 2798 collegii,
414 2711 566 2777 omnium
583 2732 715 2792 eorum,
733 2709 790 2796 qui
808 2712 872 2777 sub
900 2721 1018 2777 nostra
1042 2710 1235 2777 obedientia
1257 2709 1397 2778 Parisiis

168 2836 292 2912 agunt,
312 2825 483 2914 eligimus,
501 2848 661 2910 creamus
674 2847 713 2893 ac
729 2825 981 2893 constituimus.

234 2943 312 3009 Hoc
329 2942 432 3023 enim,
451 2941 698 3010 considerando
714 2942 778 3010 Dei
794 2941 828 3008 in
851 2953 884 3008 te
905 2941 1064 3027 gratiam,
1088 2941 1132 3006 ad
1153 2941 1260 3028 ipsius
1283 2943 1391 3007 hono-

172 3077 253 3136 rem,
272 3070 308 3126 et
326 3070 533 3140 nostrorum,
552 3057 611 3142 qui
626 3070 749 3124 vacant
765 3055 867 3123 isthic
884 3056 998 3122 studio
1015 3057 1204 3136 literarum,
1223 3058 1395 3124 salubrem

170 3173 203 3239 in
219 3173 328 3242 literis
344 3185 377 3241 et
395 3173 580 3239 virtutibus
595 3171 818 3240 directionem
834 3175 908 3240 fore
924 3171 959 3237 in
976 3172 1125 3239 Domino
1148 3194 1337 3258 speramus

236 3292 365 3356 Datum
383 3291 512 3356 Romae
528 3289 563 3354 in
580 3288 722 3356 aedibus
739 3287 919 3356 Societatis
936 3290 1021 3375 Jesu
1038 3288 1138 3355 nonis
1155 3288 1235 3356 Maii
1256 3303 1350 3372 1550.

237 3407 282 3470 In
299 3407 473 3492 margine.
492 3404 631 3472 Creatio
649 3407 742 3490 Mag.
767 3403 941 3490 Baptistae
958 3403 1058 3471 Viola
1079 3403 1114 3470 in
1136 3416 1301 3472 rectorem
1329 3405 1399 3470 col·

172 3520 253 3606 legii
269 3519 475 3606 parisiensis

226 3771 231 3802 ¹
273 3771 317 3824 Ex
331 3769 509 3842 apographo,
523 3767 553 3824 in
566 3767 668 3824 codice
682 3769 799 3824 Deerat.
814 3773 842 3824 et
860 3763 961 3833 insti,
977 3767 1027 3825 fol.
1042 3781 1107 3824 22v.
