3454 5418
505 513 609 569 Errsr.
630 514 784 583 2078.-22
803 514 1002 570 Saersuuats
1024 525 1089 582 1551
1304 511 1374 610 Ι6ιή

176 665 340 752 collegio,
358 667 487 735 Romae
504 688 521 736 a
539 668 628 734 duce
648 666 805 734 Gandiae
825 665 1001 746 inchoato,
1025 665 1184 734 mercede
1204 665 1411 732 conducitur

176 778 331 866 quidam,
356 781 415 865 qui
438 802 575 866 pueros
601 801 749 867 quorum
777 782 919 848 confluit
948 803 1074 867 magna
1102 779 1302 860 multitud0,
1332 801 1410 847 cum

175 917 265 984 opus
287 907 352 976 est,
379 896 541 982 puniendi
565 919 626 984 pro
650 897 791 963 arbitrio
816 908 1090 984 praeceptorum,
1114 917 1201 980 quos
1224 918 1293 962 non
1310 897 1410 964 decet

178 1035 238 1098 per
253 1033 292 1079 se
306 1012 341 1078 id
358 1013 484 1093 faeere,
503 1013 652 1080 officium
669 1015 810 1081 habent.
830 1015 900 1100 Qui
918 1035 999 1080 vern
1016 1014 1109 1080 nulla
1126 1012 1259 1080 ratione
1280 1012 1410 1099 corrigi

177 1142 334 1212 possunt,
359 1151 403 1197 ne
423 1129 498 1196 aliis
519 1141 678 1210 noceant,
703 1130 902 1216 parentibus
918 1129 1151 1208 remittuntur,
1176 1129 1230 1197 vel
1251 1127 1280 1194 si
1302 1149 1409 1215 gran·

173 1243 290 1311 diores
306 1243 386 1323 sint,
405 1246 527 1313 saltem
544 1245 587 1311 ad
603 1245 769 1314 lectiones
786 1267 855 1310 non
873 1245 1113 1311 admittuntur.
1130 1244 1199 1312 Sed
1211 1245 1254 1311 de
1267 1243 1308 1310 iis
1325 1248 1406 1310 hac-

178 1371 293 1427 tenus

244 1477 289 1542 Vt
307 1487 420 1544 autem
437 1478 574 1546 redeam
592 1477 822 1555 audaciores,
840 1476 1026 1562 dequibus
1043 1478 1086 1546 T.
1110 1479 1151 1546 E.
1173 1475 1258 1562 petit
1280 1499 1324 1542 an
1345 1476 1405 1542 ali·

173 1591 234 1676 qui
257 1591 347 1656 mitti
367 1591 509 1678 possint,
528 1614 610 1660 sane
625 1592 721 1658 initio
737 1592 827 1658 veris
843 1593 1018 1678 sequentis
1034 1593 1152 1660 decem
1169 1593 1225 1660 vel
1246 1610 1284 1658 12
1302 1594 1407 1658 scho-

177 1705 330 1786 lasticoS,
354 1708 449 1772 velut
472 1707 608 1793 collegii
632 1709 867 1788 fundamenta,
894 1707 1027 1774 mittere
1052 1722 1185 1792 poter0,
1209 1707 1299 1773 inter
1321 1727 1410 1790 quos

173 1832 278 1888 erunt
294 1821 352 1906 qui
369 1821 587 1890 humaniores
604 1821 733 1889 litteras
749 1823 909 1890 doceant.
925 1820 993 1890 Vbi
1006 1833 1120 1890 autem
1133 1844 1205 1888 non
1217 1821 1317 1907 pauci
1332 1823 1406 1890 sue-

175 1937 244 2002 rint
257 1936 455 2022 lngolstadii
468 1959 511 2004 ex
527 1937 740 2004 auditoribus
753 1941 874 2004 horum
892 1936 1005 2004 idonei
1022 1938 1065 2003 ad
1082 1936 1314 2024 philosophiae
1327 1958 1404 2003 cur·

174 2075 252 2118 sum
275 2051 537 2134 instituendum,
560 2053 644 2120 alios
664 2055 708 2120 ad
727 2054 762 2120 id
783 2053 965 2140 magistros
986 2053 1173 2119 mittendos
1193 2052 1403 2120 curabimus,

175 2170 338 2247 Demum,
356 2179 474 2235 erecto
489 2167 648 2256 collegio,
667 2168 750 2235 mihi
765 2170 967 2255 persuade0,
987 2169 1166 2235 doctorum
1183 2167 1328 2254 copiam,
1347 2168 1407 2253 qui

174 2283 284 2368 gratis
301 2295 336 2352 et
352 2307 394 2352 ex
412 2304 491 2351 vera
506 2284 673 2352 charitate
689 2284 904 2354 iuuentutem
922 2285 1095 2365 excolant,
1113 2283 1251 2350 minime
1264 2285 1405 2350 defutu-

172 2421 259 2465 ram.
280 2399 316 2464 ln
335 2398 583 2485 presentiarum
599 2410 713 2469 autem
732 2401 914 2486 theologos
930 2402 1090 2468 doctores
1106 2399 1192 2466 alios
1209 2400 1356 2479 mittere,
1375 2399 1404 2465 si

171 2516 228 2583 vel
247 2515 393 2584 maxime
408 2516 587 2596 vellemus
606 2537 675 2583 non
691 2537 887 2603 possumus.
907 2517 976 2582 Pro
993 2515 1113 2582 messis
1129 2515 1221 2581 enim
1245 2515 1406 2601 amplitu-

170 2631 255 2700 dine
270 2635 443 2718 operarios
459 2633 627 2699 habemus
643 2653 844 2719 perpaucos,
864 2633 950 2700 adeo
965 2645 1015 2711 vt,
1029 2653 1120 2714 curn,
1135 2629 1224 2696 intra
1239 2651 1403 2708 mensem,

124 2727 143 2744 '⁵
169 2746 354 2814 duodecim
380 2745 490 2828 Pisas,
514 2747 655 2817 totidem
678 2748 856 2834 Neapolim
879 2748 1014 2814 missuri
1035 2747 1144 2815 simus
1164 2745 1399 2827 scholasticos

172 2862 230 2928 vix
248 2874 411 2948 quattuor
426 2864 635 2945 sacerdotes
654 2875 690 2930 vt
706 2863 778 2930 bini
794 2863 829 2930 in
849 2865 923 2931 loca
944 2863 1097 2950 predicta
1117 2884 1197 2929 cum
1220 2861 1405 2928 scholasti-

170 2977 223 3044 cis
239 2978 431 3058 mittantur,
450 2977 619 3064 possimus
635 2979 804 3048 inuenire.
823 2979 953 3047 Partim
970 2978 1061 3046 enim
1078 2976 1298 3045 missionibus
1314 2976 1403 3044 sumi

172 3093 358 3181 pontificis
376 3093 499 3180 partim
516 3094 670 3181 collegiis
686 3117 795 3182 nuper
811 3095 934 3164 erectis
951 3093 1154 3181 (cuiusmodi
1172 3115 1241 3160 non
1257 3113 1367 3180 pauca
1386 3115 1406 3157 a

171 3211 310 3277 duobus
336 3210 436 3276 annis
463 3213 555 3295 sunt)
583 3211 736 3279 Societas
764 3223 880 3278 nostra
906 3211 1006 3278 valde
1029 3213 1195 3278 exhausta
1219 3229 1313 3276 nunc
1338 3221 1402 3276 est.

171 3326 324 3411 Quando
345 3337 458 3392 tamen
483 3347 626 3394 necesse
650 3327 790 3407 fuerint,
817 3326 939 3394 studiis
967 3325 1166 3414 ingolstadii
1195 3346 1257 3412 pro
1285 3335 1404 3391 nostro

171 3441 312 3509 modulo
328 3463 397 3507 non
414 3441 597 3522 deerimus
616 3453 651 3509 et
668 3443 834 3527 obsequio
850 3444 892 3510 T.
912 3445 967 3522 E.,
986 3441 1146 3528 princeps
1159 3442 1281 3522 lllme.,
1295 3439 1404 3508 liben-

172 3556 304 3624 tissime
320 3559 363 3622 ad
379 3557 526 3642 gloriam
542 3557 607 3626 Dei
625 3579 687 3624 nos
703 3557 953 3644 impendemus,

241 3675 310 3740 Det
325 3673 485 3740 omnibus
501 3673 646 3759 gratiam
668 3696 803 3742 summa
823 3685 858 3741 et
879 3673 1012 3742 infinita
1034 3671 1100 3742 Dei
1122 3669 1256 3738 bonitas
1280 3669 1324 3738 ad
1345 3691 1387 3737 co

172 3791 406 3874 gnoscendam
428 3788 486 3878 [et]
508 3789 766 3876 intelligendam
788 3789 1035 3857 sanctissimam
1056 3790 1268 3856 voluntatem
1290 3807 1403 3866 suam,

172 3917 207 3971 et
224 3905 377 3972 eamdem
396 3907 546 3990 perfecte
562 3907 810 3990 exequendam.
831 3908 959 3996 Amen.

241 4021 362 4100 Rome,
380 4019 414 4085 in
431 4021 533 4087 domo
550 4021 843 4109 SocietatisJesu,
862 4041 904 4089 22
922 4019 1134 4110 Septembris
1156 4035 1252 4104 1551.

239 4138 270 4201 Α
293 4141 401 4224 tergo,
424 4137 469 4203 P.
494 4137 642 4204 Polunci
661 4159 782 4204 manu.
807 4138 917 4224 Copia
939 4139 983 4204 de
1003 4159 1070 4204 vna
1094 4158 1154 4224 per
1175 4134 1199 4202 il
1222 4137 1335 4201 ducha
1362 4133 1405 4200 de

175 4253 320 4319 Bahera
