3486 5420
453 527 509 585 474
836 515 1044 572 Monnrransn
1064 517 1243 572 Ionnmnnn

416 679 539 756 questa
554 668 748 749 settimana,
772 679 807 737 et
828 689 887 755 per
908 669 1021 754 quella
1041 667 1183 738 intendo
1199 669 1275 736 sara
1294 666 1423 738 seruita
1441 669 1482 737 S.
1508 670 1544 738 E.
1564 671 1618 737 che

415 793 545 868 quanto
561 783 620 870 piir
636 794 752 870 presto
768 782 797 850 si
812 783 975 852 mandino
995 784 1099 870 quelli
1120 783 1175 850 ch’
1197 786 1288 850 hano
1303 805 1324 850 a
1339 783 1422 850 dare
1436 781 1616 870 principioai

414 921 507 966 nouo
528 899 687 986 collegi0,
711 903 775 969 che
799 922 900 987 spero
921 899 956 965 in
977 901 1045 967 Dio
1065 902 1109 967 N.
1133 902 1186 980 S.,
1208 902 1264 966 ch'
1282 901 1327 966 ha
1346 898 1361 939 δ
1378 919 1487 966 mosso
1502 900 1536 967 S.
1552 901 1586 968 E.
1603 922 1617 968 a

415 1025 511 1082 tanto
523 1017 614 1082 bona
629 1037 732 1102 opera
748 1037 814 1083 con
831 1029 927 1083 tanto
943 1026 1041 1083 santa
1057 1015 1247 1082 intentione
1262 1015 1318 1082 del
1333 1014 1449 1082 diuino
1460 1036 1520 1082 suo
1530 1015 1616 1082 senri-

415 1130 462 1197 tio
479 1142 514 1199 et
530 1134 597 1198 ben
613 1153 806 1214 commune,
826 1132 881 1198 chi
897 1131 921 1198 li
937 1131 1019 1199 dari
1037 1133 1083 1199 tal
1099 1131 1250 1212 riuscita,
1270 1133 1336 1198 che
1352 1132 1403 1198 fra
1418 1132 1516 1198 moite
1527 1132 1573 1196 ch’
1583 1133 1616 1196 ha

414 1247 512 1330 fatt0‚
531 1251 566 1312 n'
584 1247 710 1324 habbia
726 1247 852 1334 special
868 1247 1103 1315 satisfactione
1118 1247 1153 1315 di
1169 1269 1244 1316 essa
1262 1249 1298 1316 S.
1318 1248 1359 1314 E.
1378 1257 1413 1314 et
1427 1267 1546 1313 corona
1562 1245 1616 1312 sin·

413 1364 536 1448 gulare
551 1384 691 1450 apresso
708 1365 741 1430 la
757 1385 856 1430 suma
872 1363 1000 1430 maesti
1017 1385 1093 1434 sua.

479 1477 517 1548 Si
532 1479 705 1545 mandano
722 1497 742 1562 7
759 1501 779 1545 o
797 1481 816 1546 8
833 1501 991 1566 persone,
1006 1491 1041 1546 et
1053 1500 1123 1546 non
1135 1478 1193 1565 piri
1206 1501 1268 1565 per
1284 1479 1416 1561 adesso,
1431 1479 1539 1564 perch'
1551 1476 1617 1541 oltra

413 1593 448 1659 di
469 1595 584 1679 quello
604 1597 669 1660 che
690 1595 790 1662 tocha
813 1596 854 1662 V.
879 1593 968 1665 Sria.
990 1598 1103 1679 Rma.,
1125 1597 1146 1662 ὲ
1165 1593 1188 1660 il
1209 1573 1309 1661 solito
1329 1595 1417 1662 della
1434 1592 1615 1678 Compagnia

415 1722 531 1777 nostra
548 1711 606 1797 piir
623 1721 738 1798 presto
754 1711 938 1778 cominciar
954 1712 1117 1796 alquanto
1132 1729 1193 1797 per
1204 1709 1228 1775 il
1239 1711 1352 1790 basso,
1367 1720 1402 1776 et
1414 1707 1510 1795 dopoi
1521 1705 1616 1772 andin¹

412 1826 524 1892 inanzi
541 1828 728 1894 crescendo
744 1827 797 1894 col
820 1827 938 1895 fauore
958 1825 1088 1907 diuino,
1114 1827 1169 1893 ch'
1193 1825 1434 1893 comminciare
1452 1845 1512 1890 con
1533 1821 1615 1886 molto

412 1961 560 2024 rumore,
588 1945 652 2010 che
672 1943 704 2008 ci
726 1941 776 2009 sia
796 1941 853 2029 poi
873 1942 1038 2009 difficulta
1059 1963 1078 2008 a
1101 1941 1318 2022 mantenirio‚
1339 1952 1375 2007 et
1395 1940 1452 2027 pin
1472 1939 1509 2005 ad
1523 1959 1615 2004 accre-

413 2058 533 2124 scerlo.
554 2059 599 2124 Di
620 2059 745 2144 questi,
767 2057 790 2124 li
811 2058 868 2126 doi
894 2079 1018 2126 sarano
1040 2057 1222 2141 sacerdoti,
1247 2056 1339 2143 quali
1363 2068 1501 2143 potrano
1526 2074 1615 2121 essere

412 2173 587 2258 adoperati
603 2171 638 2238 in
655 2193 845 2260 proponere
860 2175 892 2242 la
908 2173 1023 2260 parola
1039 2173 1083 2240 de
1098 2172 1177 2253 Dio,
1196 2183 1230 2242 et
1246 2171 1480 2240 administrare
1489 2169 1511 2236 ii
1522 2189 1613 2235 sacra-

412 2289 530 2371 menti,
548 2300 582 2357 et
597 2290 725 2376 legere,
744 2301 778 2360 et
795 2291 880 2358 altre
896 2311 998 2375 opere
1014 2288 1070 2377 pie
1084 2292 1139 2359 ch’
1158 2289 1359 2356 acaderano:
1379 2287 1401 2353 li
1422 2285 1495 2354 altri
1513 2302 1611 2352 sarano
1699 2313 1700 2358 r

411 2403 545 2484 scolari;
570 2426 624 2472 ma
645 2425 746 2491 spero
767 2407 845 2485 che,
868 2415 997 2490 quanto
1017 2404 1075 2492 pii]
1097 2426 1221 2471 sarano
1242 2402 1444 2483 conosciuti,
1465 2401 1491 2468 si
1511 2395 1613 2464 haneri

411 2518 470 2606 piir
487 2519 720 2588 satisfactione
735 2523 778 2588 de
794 2522 878 2587 loro.
898 2524 941 2588 Et
958 2523 1067 2589 anche
1083 2519 1197 2588 alcuni
1214 2521 1248 2585 d’
1263 2519 1330 2588 essi
1342 2529 1483 2606 potrano
1496 2510 1611 2582 esserci-

413 2635 494 2702 tarsi
522 2636 577 2702 nel
605 2636 792 2736 predicare,
822 2637 950 2724 perche
977 2629 1151 2704 mostrano
1179 2639 1286 2704 hauet
1313 2637 1406 2702 dono
1429 2635 1469 2701 de
1490 2628 1569 2698 Iddio
1587 2625 1611 2690 in

412 2761 532 2835 questa
553 2763 664 2837 parte.
696 2751 875 2818 Partirano
896 2762 1019 2838 questa
1039 2751 1237 2832 settimana‚
1261 2762 1295 2818 et
1316 2773 1380 2818 con
1403 2748 1473 2815 loro
1491 2743 1612 2814 scriuero

413 2887 433 2932 a
451 2868 487 2934 S.
508 2869 547 2932 E.

478 2982 642 3068 Degnissi
658 2982 752 3050 Iddio
768 2985 812 3050 N.
832 2985 871 3053 S.
889 2982 1062 3051 accettarli
1078 3003 1138 3069 per
1155 2981 1372 3050 instromenti
1388 2982 1431 3048 de
1450 3001 1509 3047 suo
1526 2969 1611 3043 serui·

412 3097 473 3179 tio,
496 3109 532 3164 et
554 3121 574 3164 a
596 3098 676 3164 tutti
699 3097 792 3164 darei
815 3100 927 3184 gratia
949 3099 992 3164 de
1009 3119 1177 3166 conocere
1193 3119 1326 3184 sempre
1342 3107 1377 3164 et
1392 3093 1612 3193 essegrriresua

370 3207 375 3219 '
412 3224 509 3280 santa
527 3214 681 3280 volunta.
697 3215 743 3281 Al
759 3213 900 3282 seruitio
916 3215 960 3282 de
972 3215 1016 3281 V.
1033 3213 1120 3284 Sria.
1140 3215 1236 3282 Rma.
1253 3215 1308 3281 nel
1325 3211 1451 3300 Signor
1464 3217 1567 3276 nostro
1577 3203 1612 3264 n¹

411 3331 518 3396 offero
535 3331 579 3396 da
595 3350 699 3396 cuore
717 3351 785 3397 con
805 3341 894 3396 tutta
909 3332 942 3397 la
958 3350 1038 3397 casa
1053 3339 1088 3397 et
1105 3328 1321 3416 Compagnia
1336 3339 1463 3394 nostra.

482 3447 535 3514 De
551 3448 659 3513 Roma
677 3461 715 3513 21
736 3447 779 3516 de
796 3445 940 3533 Maggio
962 3461 1058 3530 1551.

480 3563 677 3647 Inscriptio.
699 3561 745 3630 Al
766 3563 874 3628 molto
896 3564 981 3628 Rdo.
1005 3561 1207 3647 monsignor
1229 3561 1375 3628 Alfonso
1396 3563 1552 3635 Rossett0‚
1571 3569 1612 3614 ve·

410 3697 520 3743 scouo
537 3676 571 3742 di
588 3677 796 3744 Comacehio
813 3679 824 3711 ³
842 3677 878 3742 in
894 3676 960 3746 X.⁰
977 3675 1291 3744 observantissimo.

471 3793 523 3858 ln
540 3793 712 3881 Regesiis.
732 3795 1013 3860 Ferrara.-Vna
1028 3792 1073 3858 de
1084 3794 1128 3859 N.
1145 3794 1185 3859 P.
1201 3813 1263 3877 per
1274 3791 1298 3856 il
1312 3812 1457 3860 vescouo
1468 3791 1607 3856 RossetN·
1696 3817 1697 3834 .

412 3909 612 3995 responsiua
628 3910 694 3975 aila
711 3931 774 3976 sua
790 3930 893 3995 sopra
909 3907 1013 3994 quelli
1029 3909 1094 3976 che
1110 3908 1139 3974 si
1155 3908 1324 3974 mandano
1341 3929 1361 3973 a
1376 3909 1404 3973 F
1405 3927 1522 3986 cnara,
1534 3893 1609 3985 quale

372 4099 377 4114 ⁸
411 4023 440 4091 si
459 4025 554 4093 dette
571 4025 625 4089 ali'
643 4023 880 4092 imbassadore
895 4025 951 4090 del
966 4023 1056 4090 duca
1073 4045 1091 4089 a
1109 4041 1152 4089 22
1165 4022 1199 4088 di
1213 4022 1369 4109 Maggio.

470 4197 484 4238 b
520 4196 569 4249 ch'
584 4195 603 4249 1’
618 4195 655 4248 ha
669 4212 725 4251 ms.

419 4300 617 4310 —-——--—

465 4349 476 4380 ³
515 4346 708 4419 «Alphonsus
726 4345 880 4416 Rossetus‚
900 4343 1109 4413 Ferrariensis,
1127 4343 1213 4415 paulo
1226 4352 1296 4398 ante
1309 4340 1507 4398 Comaclensis
1523 4331 1611 4420 Enixi*

410 4454 478 4509 pus,
493 4435 530 4490 ad
543 4437 619 4490 hanc
634 4433 796 4490 Ecclesiam
815 4433 1059 4506 [Ferrariensem]
1073 4433 1232 4488 translatus
1245 4440 1293 4486 est
1308 4447 1386 4486 anno
1405 4428 1484 4500 1563.
1497 4427 1542 4484 Vir
1552 4417 1609 4477 nobr·

409 4526 457 4597 lis,
471 4524 628 4598 'prudentia
642 4522 778 4596 insignis,
793 4533 824 4578 et
838 4539 945 4594 magno
960 4522 1057 4577 animo
1072 4519 1235 4593 praeditus,
1250 4519 1388 4575 Herculis
1404 4527 1434 4574 et
1449 4507 1572 4591 Alphonsi
1585 4499 1613 4557 ll·

412 4613 562 4670 Ferrariae
576 4612 683 4668 ducum
698 4629 714 4666 a
726 4612 912 4672 consiliis...»
925 4612 1112 4684 UGHELLUS,
1129 4609 1225 4664 stolio
1239 4625 1340 4678 sacra,
1353 4607 1393 4678 11,
1407 4617 1467 4680 557.
