3454 5418
377 511 480 566 Enrsr.
503 519 724 578 zoin-anrs
744 517 859 562 prnsus
879 505 1078 562 Serranorus
1099 517 1164 576 1551
1304 505 1357 574 637

235 681 286 728 12.
336 663 484 747 Quando
499 661 522 728 li
541 661 622 728 fossi
638 671 765 746 negato
794 671 882 725 tutto
904 660 1018 744 quello
1039 663 1103 728 che
1124 661 1302 747 pretende,
1321 682 1393 727 non
1473 641 1478 649 ¹

161 791 262 844 senta
278 781 310 844 la
326 780 478 845 duchesa
494 798 531 844 se
548 799 617 844 non
634 775 717 862 ogni
733 774 935 842 conformita
957 797 1021 842 eon
1044 777 1076 841 la
1095 776 1236 843 voluntai
1259 799 1338 857 sua,
1357 789 1393 845 et

160 895 192 962 al
220 915 321 962 rneno
348 894 435 960 sacia
463 896 527 960 che
554 894 582 958 sl
611 893 833 978 espediseano
861 891 964 976 quelli
989 893 1045 958 ch’
1072 893 1165 986 hano
1191 893 1224 958 d’
1250 893 1390 972 andare,

161 1022 294 1094 quanto
310 1010 407 1096 potrai
423 1021 660 1088 suauernente,
679 1028 739 1093 per
758 1007 835 1074 Pisa
852 1029 872 1074 o
889 1009 915 1072 F
918 995 1067 1075 lorenza.

236 1145 287 1210 13.
337 1125 452 1192 Habbi
473 1145 553 1190 seco
575 1147 620 1188 vn
643 1115 792 1190 sumario
813 1125 866 1190 del
890 1125 990 1189 modo
1010 1127 1073 1190 che
1095 1121 1124 1189 si
1147 1125 1294 1190 obserua
1315 1123 1396 1190 nelli

159 1240 301 1327 collegii
318 1242 405 1307 della
422 1240 649 1326 Compagnia,
668 1261 689 1305 o
706 1241 737 1304 al
752 1260 854 1306 meno
870 1241 912 1306 de
929 1239 1051 1306 alcone
1072 1259 1152 1305 cose
1174 1239 1231 1325 piir
1254 1239 1395 1307 edifica·-

162 1357 249 1438 tiue,
267 1370 302 1422 et
320 1357 416 1441 potui
433 1356 613 1422 conferirle
630 1376 697 1421 eon
715 1356 818 1439 quelli
835 1355 856 1420 li
874 1356 1008 1440 pareri.

215 1491 286 1554 '14
337 1471 472 1538 Habbia
490 1472 587 1556 copie
602 1472 690 1538 delle
706 1471 938 1550 instructioni,
959 1469 1145 1537 mostrabili
1164 1490 1184 1535 a
1206 1470 1238 1536 la
1254 1469 1394 1555 signora

162 1589 330 1668 duchesa,
351 1610 410 1674 per
427 1589 508 1655 dare
524 1609 544 1652 a
562 1587 616 1652 ehi
634 1587 655 1651 li
672 1591 803 1672 pareri.

239 1719 288 1786 15.
338 1703 526 1788 Assignata
543 1704 574 1768 la
591 1724 682 1781 casa,
701 1703 825 1768 habbia
841 1723 925 1768 cura
941 1703 984 1769 de
997 1706 1138 1771 meterla
1150 1705 1185 1770 in
1199 1704 1319 1771 ordine
1337 1725 1396 1789 per

165 1821 189 1883 li
207 1818 369 1899 scholari,
386 1832 420 1885 et
436 1820 467 1884 al
484 1839 585 1885 meno
601 1820 668 1886 che
683 1819 781 1884 siano
803 1837 841 1915 ¹²,
860 1818 946 1898 letti,
967 1819 1099 1886 benche
1120 1842 1190 1887 non
1208 1819 1343 1906 grandi3
1362 1832 1397 1885 et

163 1935 246 2001 dell'
267 1935 352 2002 altre
369 1933 555 2020 prouisioni
573 1935 659 2001 veda
676 1933 778 2000 etiam
795 1934 909 2019 quello
925 1933 954 1999 si
972 1938 1041 2020 pul)
1058 1935 1140 2002 fare.

241 2051 290 2116 16.
340 2049 546 2115 Aduertisca
561 2051 626 2116 che
641 2048 665 2113 li
682 2049 811 2128 denari,
826 2051 892 2117 che
905 2051 969 2118 SS.
989 2050 1058 2115 EE.
1073 2051 1214 2130 darano,
1229 2051 1304 2119 sarri
1322 2071 1395 2116 me·
1423 2067 1434 2090 ·

166 2165 239 2249 glio
256 2165 321 2231 che
338 2164 474 2248 passino
487 2185 546 2249 per
559 2185 660 2230 rnano
671 2164 715 2232 de
727 2165 862 2249 qualch'
878 2186 957 2244 vno,
973 2168 1037 2232 che
1049 2167 1168 2250 pareri
1183 2188 1202 2232 a
1215 2167 1251 2234 S.
1267 2167 1307 2231 E.
1322 2187 1396 2233 me·

167 2293 242 2348 tere
258 2301 355 2346 corne
373 2292 592 2364 procuratore
608 2281 663 2345 del
679 2280 835 2366 collegio.

732 2444 836 2524 2⁰47
925 2505 927 2512 .

361 2576 546 2641 parur
586 2577 838 2642 oterolo
879 2577 1207 2645 uoousrro

452 2719 539 2763 noun
553 2701 657 2762 Pniurs
671 2719 785 2762 prasus
799 2720 994 2762 ssprsussrs
1011 2719 1076 2778 1551
1095 2713 1114 2764 ¹.

168 2819 237 2876 Cur
246 2823 350 2894 potius
364 2822 537 2877 Florentiae
550 2840 642 2893 quum
662 2822 742 2877 Pisis
761 2824 917 2879 Societatis
936 2823 1096 2898 collegium
1115 2825 1235 2879 institui
1253 2830 1399 2898 oporteat.

393 2969 437 3014 LE
453 2968 570 3015 CAUSE
586 2969 658 3014 CHE
676 2969 707 3015 Sl
726 2969 851 3016 HANNO
868 2972 889 3016 Α
909 2954 1180 3017 REPRESENTAR’

163 3076 237 3156 alla
253 3089 453 3158 excellentia
470 3091 559 3157 della
575 3091 714 3176 signora
730 3091 899 3156 duchessa
920 3111 980 3176 per
1002 3092 1051 3156 far
1072 3093 1137 3159 clre
1157 3092 1180 3157 il
1202 3093 1350 3179 collegio
1372 3093 1403 3158 si

171 3206 320 3272 sennim
338 3206 503 3272 Fiorenza
520 3207 577 3292 piu
595 3219 709 3291 presto
725 3209 781 3272 ch’
800 3229 819 3272 a
839 3207 929 3273 Pisa.

242 3439 355 3506 Prima
372 3451 397 3504 ².
419 3439 549 3506 Perchi
567 3439 595 3504 si
612 3441 768 3508 oflerisce
785 3462 862 3505 casa
879 3439 914 3504 in
932 3440 1108 3509 Fiorenza.

241 3564 293 3620 a?
343 3557 472 3622 Perehe
490 3558 565 3621 sani
582 3555 712 3641 magior
730 3554 837 3621 vtilitai
857 3555 994 3642 publica
1010 3557 1097 3624 della
1119 3555 1186 3623 cita
1208 3558 1242 3623 di
1260 3559 1286 3622 F
1289 3558 1403 3626 iorena

172 3691 224 3751 2a;
245 3672 369 3756 perche
385 3670 408 3736 li
425 3671 557 3757 figlioli,
577 3673 643 3736 che
660 3693 727 3737 non
749 3671 777 3736 si
798 3693 945 3756 possano
967 3672 1107 3739 mandar
1130 3674 1239 3754 soora,
1264 3675 1404 3759 possino

175 3808 270 3854 esser
287 3785 458 3873 insegnati
475 3787 553 3853 dalli
571 3787 678 3854 nostri
700 3788 733 3851 in
756 3789 874 3854 lettere
890 3789 933 3854 de
950 3788 1141 3869 humaniti,
1159 3800 1194 3856 et
1217 3789 1245 3856 si
1261 3792 1405 3856 faranno

174 3901 231 3986 piii
252 3902 363 3968 idonei
386 3925 445 3988 per
467 3906 584 3969 andar'
607 3904 706 3988 dopoi
728 3905 758 3968 al
781 3903 895 3968 studio
916 3906 959 3968 de
988 3902 1080 3984 Pisa,
1111 3905 1199 3971 doue
1221 3905 1250 3971 si
1277 3906 1404 3991 legono

173 4019 361 4084 solamente
377 4019 515 4084 lectioni
532 4019 652 4104 grandi
671 4041 730 4104 per
746 4019 768 4082 li
786 4018 842 4104 giri
860 4017 988 4084 londati
1006 4029 1040 4085 et
1057 4019 1117 4104 piti
1134 4020 1265 4106 capaci.

179 4157 375 4165 --—---.-—.——.

227 4235 241 4260 α
260 4220 296 4274 ln
307 4220 465 4294 principio
477 4223 664 4292 sequentium
675 4222 946 4292 purugrrrphorum
960 4222 1139 4291 scripsimus
1149 4220 1204 4292 2.¹,
1214 4220 1267 4291 3.·‚
1280 4222 1333 4289 43,
1348 4222 1401 4290 5.²,

173 4309 227 4374 b.⁸;
242 4310 275 4362 in
289 4325 343 4364 ms.
355 4315 518 4382 perperam
533 4309 678 4382 scriptum
692 4315 747 4364 esl:
760 4323 777 4362 2
791 4309 813 4376 ⁰,
826 4307 877 4378 3.⁰,
894 4310 944 4378 4⁰,
962 4324 987 4378 5,
1002 4310 1032 4363 6.

176 4413 372 4424 -—-—-—

232 4464 238 4492 ¹
277 4461 319 4514 Ex
333 4463 512 4532 apographo,
527 4463 555 4515 in
566 4461 667 4515 codice
679 4461 796 4515 Decret.
808 4465 835 4514 et
850 4462 951 4526 lustr„
962 4459 1013 4515 lol.
1028 4461 1089 4520 106.
1101 4459 1277 4532 Scriptionis
1288 4469 1407 4531 tempus

172 4565 211 4602 ex
230 4548 422 4605 instructione
443 4550 594 4620 superiore
616 4549 810 4621 repetendum
829 4557 884 4614 est,
904 4549 990 4619 cujus
1008 4559 1054 4604 est
1076 4550 1160 4620 quasi
1180 4565 1258 4620 pars,
1283 4549 1407 4604 seorsim

172 4636 308 4708 exposita
321 4647 351 4692 et
369 4639 552 4708 argumentis
565 4650 678 4708 ornata,
699 4647 730 4692 ut
752 4639 919 4692 Florentiae
940 4637 1076 4716 principi,
1097 4639 1267 4707 Eleonorae‚
1291 4637 1407 4693 ostendi

175 4736 281 4796 possit.
