3454 5418
488 473 593 550 Ense.
613 488 769 546 2086.-26
787 490 987 546 seirannus
1009 503 1073 561 ¹551
1307 491 1361 561 665

729 645 835 726 2⁰86

435 787 784 854 ΜΑΤΤΗΑΕΟ
826 787 1128 854 DANDOLO

548 931 638 976 noui
651 920 686 976 26
698 931 895 976 seeteuerus
910 931 976 990 1551
991 920 1012 978 ¹.

239 1044 416 1102 Societatem
436 1043 566 1100 Venetiis
578 1046 779 1113 commendat,
796 1049 944 1118 rogatque
956 1049 989 1100 ut
1007 1049 1124 1100 nostros
1136 1046 1169 1100 in
1183 1045 1328 1102 obeundis

266 1127 269 1134 Δ
471 1133 629 1190 Sooietatis
641 1133 818 1188 muneribus
827 1131 953 1189 consilio
966 1133 1097 1206 dirigat.

771 1259 788 1312 †

735 1315 813 1402 Jhs.

236 1457 344 1526 Molto
359 1456 545 1544 magnifico
560 1457 681 1543 signor
698 1457 766 1522 mio
782 1456 817 1522 in
829 1459 915 1546 Jesit
931 1457 1081 1523 Christo.

237 1575 286 1640 La
301 1572 436 1640 sumnia
450 1572 562 1660 gratia
577 1584 612 1641 et
628 1576 734 1639 amor’
752 1584 872 1640 eterno
887 1575 930 1640 de
951 1575 1015 1640 X.⁰
1038 1573 1082 1640 N.
1106 1573 1144 1641 S.
1167 1572 1270 1639 saluti
1290 1582 1326 1639 et
1348 1571 1400 1637 ui-

169 1688 227 1755 siti
241 1699 356 1756 vostra
372 1688 631 1776 magnificentia
651 1710 716 1754 con
737 1689 812 1755 suoi
834 1685 1018 1756 santissimi
1038 1688 1118 1756 doni
1143 1699 1177 1754 et
1199 1687 1310 1774 gratie
1330 1688 1401 1774 spi-

170 1804 296 1872 rituali.

238 1922 337 1990 Nelle
355 1920 567 1990 occorrentie
583 1931 699 1988 nostre
714 1919 897 1988 habbiamo
913 1921 1026 2006 quella
1036 1919 1163 1987 fiducia
1175 1921 1218 1986 de
1235 1919 1402 1986 ricorrere

171 2037 250 2104 aV.
269 2035 365 2118 ΜΕ
383 2039 463 2122 qual
479 2036 508 2104 si
524 2038 613 2104 deue
633 2061 654 2104 a
674 2037 729 2104 chi
753 2037 900 2105 teniamo
923 2060 983 2124 per
1003 2039 1154 2124 padrone
1174 2048 1208 2102 et
1236 2037 1341 2122 padre
1367 2032 1402 2100 in

166 2156 251 2242 Jesd
268 2153 333 2220 X.⁰
350 2155 386 2222 S.
406 2155 451 2220 N.
469 2152 492 2220 ².
513 2153 553 2221 Li
570 2151 682 2240 giomi
699 2152 826 2239 passati
843 2155 888 2219 ho
904 2153 1022 2219 scritto
1039 2176 1058 2220 a
1074 2154 1122 2220 V.
1142 2150 1224 2220 ΜΡ
1236 2155 1301 2220 che
1313 2151 1402 2218 desi-

169 2265 362 2333 derariamo
377 2265 512 2353 pigiiar’
530 2266 565 2332 in
581 2265 729 2335 Venetia
744 2267 824 2352 quel
841 2289 939 2333 verso
956 2267 1036 2333 nelli
1057 2265 1143 2333 mezi
1164 2267 1228 2334 che
1248 2265 1276 2333 si
1295 2288 1403 2333 usano

169 2384 263 2450 nella
279 2383 494 2470 Compagnia
510 2394 627 2450 nostra
643 2405 703 2469 per
719 2383 867 2469 agiutar'
885 2383 907 2447 l’
922 2382 1047 2464 anime,
1061 2385 1127 2451 che
1138 2382 1220 2449 fossi
1232 2381 1291 2469 pid
1303 2394 1403 2468 grato
1506 2459 1509 2464 ,

169 2499 238 2565 alla
254 2497 417 2585 signoria3
436 2499 564 2585 perche
581 2501 712 2566 usando
729 2499 785 2566 noi
802 2497 824 2564 il
845 2497 1032 2585 predicare,
1056 2498 1162 2567 sentir
1181 2496 1400 2575 confessioni,

173 2613 360 2700 insegnare
375 2615 408 2680 la
424 2613 580 2682 doctrina
596 2613 794 2695 christiana,
809 2625 844 2682 et
856 2617 968 2682 anche
981 2615 1012 2682 ie
1024 2616 1146 2684 lettere
1157 2624 1192 2682 et
1205 2614 1280 2682 altri
1294 2613 1403 2700 agiuti

168 2727 351 2816 spirituali,
370 2729 402 2795 ci
423 2729 663 2816 persuadiamo
685 2731 742 2797 nel
763 2729 890 2816 Signor
910 2743 1028 2796 nostro
1050 2730 1154 2816 quelli
1175 2751 1321 2798 seranno
1343 2728 1401 2814 piu

168 2843 262 2928 grati
277 2846 342 2911 alla
357 2845 473 2910 divina
490 2867 552 2912 sua
569 2845 698 2912 maesti
715 2856 750 2912 et
765 2845 823 2932 piu
839 2844 968 2912 efficaci
986 2868 1046 2932 per
1061 2845 1085 2911 il
1100 2846 1169 2914 fine
1190 2847 1257 2914 che
1279 2844 1309 2910 si
1325 2865 1400 2930 pre-

168 2961 285 3041 tende,
303 2959 379 3028 cioe
398 2961 421 3025 l’
451 2961 598 3048 eggiuto
625 2962 705 3030 deli'
735 2960 858 3041 anime,
887 2964 952 3027 che
975 2981 1122 3028 saranno
1146 2959 1401 3027 conformialla

169 3075 313 3142 voluntis
329 3075 365 3141 di
381 3075 485 3160 quelli
505 3079 571 3144 che
590 3079 706 3144 hanno
727 3076 751 3142 il
772 3097 939 3163 gouerno‚
962 3073 997 3143 e't
1017 3099 1103 3143 sono
1125 3075 1290 3162 superiori
1312 3077 1402 3144 nelle

171 3202 263 3260 terre
278 3213 299 3258 ο
314 3189 408 3278 paesi
422 3192 515 3260 doue
537 3191 568 3258 ci
590 3191 768 3260 trouiamo.
791 3192 836 3258 Di
864 3213 982 3260 nuouo
1009 3193 1170 3278 adunque
1191 3214 1252 3278 per
1272 3193 1305 3258 ia
1326 3214 1401 3279 pre-

169 3318 270 3374 sente
286 3307 476 3394 supplicoa
497 3309 539 3374 V.
564 3307 647 3377 Me*
666 3309 700 3374 in
723 3319 844 3394 questa
873 3319 968 3394 parte
998 3309 1113 3395 uoglia
1139 3308 1343 3395 consegliar'
1371 3309 1402 3375 al

170 3431 289 3488 nostro
304 3423 372 3489 don
389 3424 531 3494 Andrea
547 3426 572 3506 ³,
595 3423 618 3490 il
639 3426 740 3509 quale
761 3423 782 3489 li
804 3425 886 3490 dard
906 3425 974 3491 mia
997 3424 1122 3506 littera;
1148 3433 1184 3492 et
1207 3423 1358 3510 parendo
1383 3447 1402 3490 a

170 3535 221 3626 ¹V.
246 3536 329 3604 Me·
342 3541 407 3608 che
423 3539 452 3605 si
468 3539 592 3608 debbia
607 3539 786 3610 intendere
802 3541 835 3606 la
850 3550 965 3607 mente
979 3541 1070 3607 delle
1087 3539 1271 3626 signorieo
1288 3538 1402 3605 alcuni

171 3651 208 3719 di
224 3654 349 3738 quella,
367 3676 404 3721 se
420 3655 526 3742 degni
541 3656 626 3722 farlo
643 3678 703 3742 per
714 3659 798 3744 Jesit
815 3656 954 3724 Christo
977 3657 1014 3726 S.
1041 3657 1100 3745 N..
1123 3654 1179 3722 cui
1206 3655 1346 3724 seruitio
1368 3667 1402 3724 et

225 3915 234 3947 ¹
273 3914 317 3969 Ex
333 3915 517 3986 autographo
529 3931 653 3984 coaevo,
667 3913 696 3970 in
714 3913 816 3970 codice
836 3913 934 3987 Epist.
959 3914 1087 3970 Polanci
1108 3933 1144 3970 ex
1161 3933 1281 3980 comm„
1302 3927 1314 3969 1
1338 3913 1403 3982 ioh,

171 4021 202 4060 n.
226 4015 288 4074 190,
302 4003 384 4075 prius
399 4001 464 4059 186.
480 4003 552 4075 Ejus
566 4003 768 4075 summarium,
786 4021 803 4059 a
821 4002 948 4059 Polanco
966 4015 1130 4076 exaratum,
1145 4011 1244 4059 exstat
1257 4003 1287 4059 in
1301 4003 1403 4058 codice

172 4094 294 4166 Regest.
316 4093 343 4161 I,
356 4091 407 4148 fol.
425 4106 499 4162 125r‚
515 4111 592 4152 vers.
610 4091 664 4150 1·3.

226 4189 237 4218 ¹
274 4183 321 4237 De
334 4183 483 4238 Mattheeo
500 4181 636 4238 Daudolo
653 4182 788 4238 videatur
806 4183 931 4257 epistola
951 4194 1029 4252 1959.
1048 4183 1139 4238 Porro
1160 4184 1323 4256 Dandolus‚
1336 4201 1403 4241 cum

173 4275 285 4330 Romae
298 4271 415 4340 fuisset,
429 4272 546 4343 Ignatio
559 4281 622 4328 erat
635 4272 818 4332 notissimus.

225 4365 238 4397 ³
274 4361 407 4418 Andreas
421 4361 553 4435 Frusius,
567 4361 618 4435 qui
630 4364 669 4418 ab
682 4363 799 4434 ignatio
808 4362 910 4436 jussus
921 4363 981 4434 jam
994 4361 1091 4418 iuerat
1106 4361 1138 4420 18
1148 4363 1220 4434 Juiii
1237 4363 1403 4421 Dandolum

173 4451 313 4509 invisere.
341 4453 386 4507 De
408 4467 441 4506 re
463 4468 551 4522 vero,
572 4468 649 4524 quae
670 4451 700 4507 in
723 4453 777 4508 hac
800 4452 925 4526 epistola
947 4452 1114 4524 attingitur,
1137 4453 1199 4524 agit
1221 4453 1404 4522 ΡοιΑΝουε,

175 4541 301 4608 Cliton„
316 4541 355 4612 11,
369 4553 432 4608 211,
452 4539 506 4596 213
523 4550 554 4597 et
571 4553 634 4614 215,
654 4541 705 4597 ubi
722 4540 855 4598 ostendit
872 4559 925 4597 cur
944 4541 1078 4613 Ignatius
1098 4542 1282 4598 mandaverit
1300 4544 1405 4600 Frusio

172 4629 249 4688 utin
261 4630 407 4686 obeundis
420 4629 579 4687 Societatis
592 4629 794 4688 functionibus
812 4630 933 4687 consilia
952 4631 1008 4687 viri
1026 4631 1191 4703 prudentis,
1209 4633 1304 4706 qualis
1327 4633 1406 4689 Dan-

172 4721 257 4776 dolus
270 4729 344 4792 erat,
358 4729 542 4791 sequeretur.
