3454 5418
797 456 1006 510 Monunem
1025 455 1202 512 lonnrnnn

674 737 821 804 DUCl
861 608 1335 803 Moriniislssotlls

758 882 846 924 norm
868 881 900 924 12
920 879 1117 924 serrenmns
1138 879 1204 937 ¹551
1227 867 1246 923 l.
1338 867 1341 872 '

392 987 434 1039 lle
448 984 574 1058 collegio
588 983 782 1057 neapolitano
795 1003 831 1040 ac
843 986 880 1040 de
892 985 980 1040 sociis
993 983 1068 1038 illuc
1084 983 1254 1042 mittendis.
1263 981 1333 1038 -In
1351 1002 1382 1039 se
1399 983 1497 1056 recipit
1514 985 1591 1060 Igno·

443 1075 503 1128 tius
515 1091 564 1129 eos
577 1075 706 1138 mittere,
727 1075 780 1145 qm'
793 1077 963 1145 conceptam
983 1076 1064 1144 spem
1078 1073 1164 1128 nullo
1177 1075 1266 1128 modo
1278 1072 1594 1145 defraudent-Unde·

444 1181 516 1220 nam
529 1163 727 1236 collegiorum
742 1163 860 1218 utilitas
872 1165 900 1218 'et
912 1163 1032 1232 fructus
1042 1164 1174 1218 maxime
1184 1163 1350 1222 oboriatur.

966 1399 1050 1486 JHS

364 1530 366 1533 ’
461 1532 573 1598 lllmo.
596 1531 666 1598 mio
682 1530 796 1618 signos
813 1530 868 1596 nel
884 1529 1010 1617 Signor
1025 1542 1156 1598 nostr0.

465 1650 513 1715 La
538 1669 672 1714 summa
688 1646 800 1734 gratia
821 1657 855 1713 et
876 1667 972 1712 amor
999 1656 1119 1715 eterno
1132 1646 1176 1713 de
1197 1645 1262 1714 X.⁰
1279 1648 1323 1714 N.
1347 1649 1385 1716 S.
1401 1647 1499 1715 saluti
1513 1660 1543 1714 et
1555 1647 1597 1710 vi-

396 1763 450 1830 siti
468 1765 512 1830 V.
533 1762 620 1832 Sria.
639 1763 733 1830 Ilma.
753 1782 818 1827 con
835 1761 910 1828 suoi
926 1760 1110 1828 santissimi
1125 1761 1206 1828 doni
1222 1773 1257 1830 et
1271 1761 1384 1848 gratie
1398 1747 1561 1848 spirituali.

466 1880 523 1945 Ho
539 1878 694 1945 riceuuto
715 1899 784 1943 una
800 1876 972 1963 duplicata
988 1879 1031 1943 de
1047 1879 1090 1944 V.
1110 1877 1197 1946 Sria.
1217 1877 1311 1944 Ilma.
1327 1879 1371 1945 de
1382 1879 1404 1943 6
1415 1880 1469 1946 del
1481 1899 1599 1964 presen·
1703 1907 1704 1934 r

399 2007 446 2076 te,
465 2005 500 2062 et
516 1993 627 2061 inteso
643 2015 703 2080 per
720 1993 832 2078 quella
847 1995 870 2058 Γ
889 1995 1006 2061 effetto
1022 1993 1110 2060 della
1126 2003 1224 2060 santa
1239 1993 1383 2074 chariti,
1403 1995 1469 2059 che
1484 1995 1526 2059 ha
1536 1995 1602 2058 dato

399 2133 418 2177 a
436 2113 482 2177 V.
507 2109 590 2178 Stia.
610 2110 703 2174 llma.
722 2109 745 2174 Γ
763 2120 903 2176 auctore
919 2107 953 2174 di
969 2129 1046 2176 essa
1059 2119 1094 2177 et
1114 2107 1148 2173 d’
1164 2106 1247 2194 ogni
1271 2110 1371 2190 bene,
1390 2111 1423 2176 la
1443 2109 1546 2194 quale,
1562 2109 1599 2172 la-

398 2227 510 2292 cendo
527 2246 719 2310 posponere
736 2224 760 2289 li
772 2223 848 2290 altri
865 2223 1009 2310 rispetti,
1024 2223 1125 2292 etiam
1139 2225 1228 2293 della
1239 2225 1349 2292 sanittl
1363 2225 1543 2312 corporale,
1556 2245 1600 2309 per

400 2343 593 2408 accelerare
610 2342 632 2405 Γ
651 2361 753 2426 opera
769 2341 803 2405 di
818 2339 885 2406 Dio
900 2342 944 2407 N.
964 2341 1002 2408 S.
1021 2362 1065 2408 ne
1079 2340 1123 2406 dt
1142 2339 1337 2406 testimonio
1353 2351 1482 2426 quanto
1499 2339 1544 2408 sia
1557 2339 1602 2425 pio

402 2467 542 2542 potente
558 2456 592 2522 in
610 2459 653 2523 V.
678 2455 766 2526 Sria.
784 2457 880 2524 Ilma.
900 2457 923 2521 l'
941 2476 1055 2522 amore
1071 2456 1114 2521 de
1136 2455 1185 2520 lui
1204 2469 1240 2522 et
1259 2457 1349 2522 della
1370 2455 1478 2542 gloria
1496 2467 1529 2522 et
1545 2477 1601 2522 ser-
1704 2441 1705 2450 ἵ

404 2573 494 2639 uizio
510 2593 586 2654 su0,
606 2573 672 2638 che
688 2573 732 2637 de
749 2581 837 2638 tutte
852 2573 876 2636 Γ
894 2571 1073 2638 altrecose
1088 2573 1113 2636 ².
1133 2573 1183 2637 La
1198 2547 1315 2638 diuina
1327 2582 1361 2639 et
1378 2593 1509 2638 summa
1519 2572 1602 2636 bontl

403 2689 430 2754 si
448 2687 562 2774 voglia
579 2689 710 2774 degnar
726 2699 740 2728 ¹
755 2689 799 2753 de
815 2685 1041 2754 eomunicarsi
1061 2686 1297 2756 intimamente
1316 2709 1335 2753 a
1356 2689 1400 2754 V.
1425 2688 1511 2756 Sria.
1528 2687 1604 2756 llma.

401 2816 438 2871 et
455 2825 674 2872 remunerare
688 2813 811 2888 questa
827 2801 960 2870 charito
976 2825 1039 2869 sua
1054 2823 1119 2868 con
1136 2803 1338 2870 accenderla
1350 2801 1410 2888 pio
1427 2801 1507 2890 ogni
1521 2801 1551 2869 dl
1565 2801 1604 2866 in-

403 2920 481 2986 sino
498 2920 564 2986 alla
579 2919 838 2987 consumatione
855 2920 910 2985 nel
926 2939 990 2986 suo
1007 2940 1127 3004 regno.

467 3038 608 3122 Quanto
624 3035 691 3102 alla
712 3037 828 3102 buona
843 3034 1066 3120 dispositione
1083 3047 1217 3102 trouata
1232 3035 1268 3101 in
1285 3037 1323 3104 S.
1342 3037 1385 3101 E.
1410 3036 1437 3116 ³,
1455 3033 1603 3121 guidando

403 3152 498 3219 lddio
515 3153 557 3220 N.
579 3153 615 3220 S.
633 3153 657 3216 Γ
676 3173 778 3236 opera
792 3173 853 3237 per
868 3172 971 3216 mano
986 3152 1030 3216 de
1046 3152 1090 3218 V.
1110 3149 1197 3218 Stia.
1216 3151 1325 3232 llma.,
1345 3173 1414 3217 non
1437 3149 1466 3216 si
1487 3169 1604 3235 speram

402 3267 597 3348 altrimenti,
617 3278 651 3335 et
667 3267 690 3332 il
711 3265 862 3335 seriuere
882 3289 902 3332 a
924 3267 960 3334 S.
984 3267 1021 3334 S.
1046 3271 1123 3334 saro
1144 3289 1164 3333 a
1186 3277 1301 3352 tempo
1321 3285 1382 3352 per
1398 3277 1489 3332 tutto
1510 3277 1606 3349 questo

404 3405 511 3464 mese,
530 3383 655 3471 perche
678 3405 747 3450 non
769 3383 798 3448 si
818 3395 914 3469 parte
935 3381 1047 3449 insino
1068 3384 1101 3448 al
1117 3379 1285 3470 principio
1306 3383 1350 3448 de
1370 3383 1395 3448 Γ
1417 3382 1513 3460 altro,
1532 3401 1605 3446 cone

406 3503 433 3567 si
450 3501 538 3567 dice.

474 3615 574 3684 Circa
598 3617 628 3682 le
650 3637 806 3701 persone,
821 3616 894 3680 'che
915 3614 944 3680 si
965 3617 1079 3680 hanno
1102 3637 1122 3681 a
1143 3614 1319 3682 nominare
1342 3615 1432 3682 nella
1457 3613 1606 3682 letterade

406 3736 443 3800 S.
464 3735 519 3812 E.,
539 3755 576 3800 se
593 3753 661 3798 non
681 3751 760 3816 pare
777 3753 796 3796 a
813 3732 856 3797 V.
876 3730 964 3799 Sria.
984 3731 1106 3812 lllma,
1125 3751 1221 3798 corne
1242 3753 1302 3817 per
1323 3729 1451 3816 meglio
1471 3747 1608 3797 avevano

417 3883 478 3892 ---
494 3885 612 3892 ..u—..—

444 4014 447 4022 ,
461 3971 474 3998 ³
514 3955 686 4026 Superiora
701 3955 764 4009 tria
778 3954 868 4009 verbo
879 3955 1002 4026 scripsit
1014 3953 1044 4009 S.
1059 3955 1212 4028 [gnatius.

428 4080 626 4090 ”—

465 4145 471 4176 ¹
513 4145 556 4198 Ex
570 4142 758 4212 adversariis,
773 4143 854 4216 prius
866 4160 883 4198 a
897 4143 930 4197 P.
945 4143 1083 4214 Polemo,
1102 4151 1206 4214 postea
1222 4159 1240 4200 a
1258 4141 1322 4198 Sto.
1342 4143 1457 4215 Ignatio
1473 4141 1608 4212 castigatis.

410 4235 440 4288 in
456 4233 528 4288 cort.
543 4235 630 4290 Rom.
645 4233 671 4298 1,
685 4251 714 4292 n.
726 4231 873 4304 CXXXII,
886 4232 967 4304 prius
979 4245 1030 4302 140
1039 4243 1070 4288 et
1082 4246 1141 4304 141,
1154 4232 1264 4305 duplici
1274 4232 1354 4289 lolio.
1367 4232 1437 4304 Ejus
1450 4230 1608 4288 summarium

410 4331 508 4377 exstat
521 4323 552 4376 in
566 4321 668 4377 codice
683 4323 802 4395 Regest.
817 4323 843 4386 Ι,
857 4321 908 4376 fol.
925 4334 1001 4392 124r,
1016 4339 1095 4378 vem.
1105 4334 1141 4376 20
1155 4332 1185 4376 et
1198 4321 1411 4388 21.—Cnrtas,
1425 4340 1454 4378 n.
1467 4318 1607 4378 CCXXXl'.

465 4413 476 4445 ¹
513 4410 682 4482 Pignatellii
696 4411 826 4466 studium
840 4410 868 4465 in
884 4410 1073 4482 Societatem,
1089 4409 1262 4466 nominatim
1276 4409 1390 4466 veroin
1400 4410 1552 4482 collegium
1562 4425 1609 4463 nea·

412 4501 586 4572 politanum,
599 4500 786 4556 commendat
799 4500 982 4574 PotnnclJS,
998 4499 1124 4570 Chron,
1134 4501 1173 4570 11,
1190 4513 1316 4569 170·174.

466 4593 477 4624 ³
516 4591 621 4645 Petrus
633 4589 671 4644 de
684 4589 799 4661 Toleto,
814 4605 919 4661 prorex
933 4591 1148 4664 neapolitanus,
1163 4588 1200 4645 de
1210 4605 1269 4662 quo
1282 4590 1344 4661 agit
1356 4589 1393 4644 ad
1411 4589 1487 4646 hanc
1504 4605 1558 4646 tem
1572 4587 1609 4642 Po

412 4691 548 4749 ionem,
562 4679 687 4744 Cltron„
703 4681 740 4750 ll,
757 4691 817 4748 170.
