3620 5428
428 501 464 558 38
807 505 1015 562 Monunsnrn
1033 505 1212 560 Ionurrtnt

390 653 587 721 comunichi
604 675 666 722 sua
679 656 791 741 gratia
803 655 1069 741 copiosamente,
1083 655 1178 724 accib
1191 679 1253 724 sua
1269 657 1463 728 santissima
1479 659 1623 726 volontir

391 790 525 855 semprc
540 769 719 850 sentiam0,
738 781 773 838 et
789 771 902 856 quella
917 770 1180 858 perfettamente
1200 771 1417 859 adimpiamo.

458 887 511 953 De
528 887 639 952 Roma
659 909 680 975 9
696 888 740 955 de
757 886 900 974 Maggib
922 904 1018 972 1550.

458 1005 490 1068 A
506 1007 616 1090 tergo.
629 1002 745 1090 ,Copia
755 1004 799 1070 de
810 1023 877 1069 vna
894 1004 1015 1071 lettera
1030 1025 1090 1091 per
1108 1001 1131 1068 il
1147 1003 1249 1070 Card.
1273 1004 1308 1071 di
1320 1005 1439 1072 Guisa.

968 1165 1045 1246 tttt

682 1297 915 1365 sptscono
938 1297 1339 1366 cunnonournno
1366 1277 1371 1295 '
1400 1333 1405 1342 ·

836 1441 922 1484 noun
943 1445 960 1498 9
979 1441 1048 1495 nau
1071 1442 1139 1498 1550
1162 1429 1181 1483 ¹.

399 1543 511 1612 Verbis,
526 1561 661 1600 umorem
680 1549 709 1600 et
725 1545 912 1618 devotionem
927 1562 1003 1620 erga
1017 1547 1186 1618 episcopum
1201 1546 1398 1618 spirantibus,
1413 1547 1501 1602 illum
1516 1549 1625 1602 certio-

444 1631 598 1702 remfucit
610 1635 647 1688 da
659 1634 774 1703 optimo
790 1631 905 1698 Caroli,
923 1633 1094 1689 cardinalis
1114 1633 1256 1703 Guisani
1270 1635 1425 1692 voluntate
1444 1636 1624 1692 Societatem

444 1721 577 1777 Parisiis
589 1723 763 1794 adjuvandi
775 1722 919 1794 illiusque
927 1722 1136 1794 patrocinium
1150 1725 1343 1797 suscipiendi.

1000 1847 1017 1900 †

969 1904 1041 1990 Jhs.

458 2047 555 2114 Rme.
574 2047 722 2132 praesul,
740 2043 826 2112 etin
842 2045 906 2112 X.⁰
919 2044 1240 2112 observandissime.

458 2161 578 2230 Gratia
594 2175 629 2230 et
644 2182 710 2248 pax
727 2181 819 2242 vera,
841 2169 993 2244 quaeest
1009 2159 1044 2226 in
1060 2161 1125 2228 X.⁰
1141 2161 1236 2248 Jesu,
1256 2183 1317 2248 per
1332 2147 1444 2248 ipsum
1460 2162 1496 2228 in
1522 2162 1626 2230 nobis

392 2290 615 2345 conseruetur
631 2287 666 2344 et
682 2276 714 2342 in
732 2275 805 2342 dies
821 2285 1001 2362 augeatur.
1021 2278 1144 2343 Amen.

458 2392 606 2462 Litteras
627 2392 751 2477 accepi‘
766 2401 848 2460 tuae
871 2389 1123 2473 dominationis,
1151 2394 1247 2460 Rme.
1274 2395 1422 2479 praesul,
1447 2408 1484 2459 vt
1511 2397 1621 2461 multa

392 2508 510 2595 paucis
530 2508 749 2594 complectar,
773 2519 807 2574 tc
830 2506 954 2594 dignas
976 2508 1002 2586 ³,
1021 2491 1108 2592 quae
1133 2518 1227 2574 tanto
1250 2508 1369 2576 maiori
1392 2509 1620 2576 consolationi

391 2623 475 2690 mihi
502 2625 656 2703 fuerunt,
683 2633 813 2709 quanto
840 2621 955 2688 rarius·
975 2620 1090 2702 hodie,
1116 2643 1203 2707 quae
1231 2623 1266 2690 in
1294 2624 1376 2710 ipsis
1404 2627 1618 2703 relucebant,

390 2739 545 2806 doctrina
560 2739 718 2806 nimirum
735 2750 770 2806 et
785 2737 906 2825 pictae,
924 2737 1022 2824 iungi
1042 2739 1164 2807 solent.
1185 2741 1265 2808 Erat
1286 2741 1388 2808 etiarn
1411 2741 1512 2808 ineis
1533 2761 1620 2807 con-

390 2856 528 2944 spicuus
549 2854 733 2941 singularis
752 2855 930 2922 cuiusdam
951 2853 1127 2920 charitatis
1143 2855 1178 2920 in
1199 2877 1262 2922 nos
1283 2859 1439 2938 affectus,
1458 2855 1530 2942 qui,
1549 2877 1620 2923 non

390 2969 503 3036 minus
519 2970 635 3054 vtique
652 2992 753 3055 quarn
770 2970 843 3056 ipsa
857 2970 1037 3058 beneficia,
1056 2968 1117 3034 tibi
1133 2969 1167 3035 in
1184 2971 1250 3036 X.⁰
1266 2975 1350 3060 Jesu
1367 2993 1430 3038 nos
1450 2971 1619 3053 deuincit,

390 3101 424 3154 et
440 3085 475 3151 in
492 3097 694 3172 perpetuum
711 3085 960 3152 addictissimos
977 3085 1069 3156 facit.
1088 3086 1265 3153 Laudetur
1279 3089 1389 3168 Deus,
1405 3087 1464 3173 qui
1485 3109 1622 3155 summa

389 3213 424 3268 et
441 3201 547 3287 prima
564 3202 710 3283 bonitate,
728 3211 763 3268 et
778 3201 943 3282 omnium,
960 3221 1049 3286 quae
1061 3203 1150 3268 bona
1166 3214 1260 3282 sunt,
1279 3202 1478 3272 indeficiens
1490 3201 1619 3290 princi·-

390 3316 483 3403 piurn
500 3329 565 3387 est.
584 3319 658 3403 lpse
674 3316 835 3402 dignetur
852 3318 970 3386 fauore
986 3337 1049 3383 suo
1065 3315 1183 3384 diuino
1200 3317 1358 3403 prosequi
1375 3321 1420 3386 D.
1440 3319 1483 3387 T.
1501 3319 1558 3398 R.,
1580 3330 1620 3384 vt

388 3431 424 3498 in
441 3445 475 3500 tc
490 3455 533 3500 ex
548 3432 648 3498 donis
663 3431 747 3513 suis,
764 3430 850 3498 etin
866 3431 940 3497 aliis
956 3431 1111 3518 plurimis
1127 3455 1170 3500 cx
1186 3442 1323 3500 tuorum
1336 3432 1619 3500 communicatio·

391 3571 446 3629 nc,
465 3547 644 3635 gloriosior
659 3558 695 3614 et
711 3546 910 3613 laudabilior
926 3557 1099 3634 appareat.
1117 3550 1243 3615 Arnen.
1426 3537 1429 3542 Δ

459 3666 620 3732 Preterea
635 3664 746 3730 visum
763 3675 815 3730 est
832 3661 914 3728 mihi
934 3662 970 3729 id
988 3663 1207 3731 scribendum
1229 3668 1272 3731 D.
1299 3667 1355 3745 T.‚
1379 3665 1448 3746 eui,
1470 3678 1508 3731 vt
1525 3665 1618 3731 Patri

390 3778 621 3846 amantissimo
639 3779 742 3844 totius
758 3789 894 3846 nostrae
909 3777 1102 3858 Societatis,
1116 3791 1316 3865 pergratum
1330 3783 1402 3849 fore
1418 3781 1452 3846 in
1469 3779 1620 3849 Domino

389 3915 458 3961 non
482 3895 614 3975 dubim,
637 3895 729 3979 quod
749 3893 808 3979 qui
828 3893 890 3960 tibi
911 3893 1019 3980 primo
1039 3917 1082 3962 cx
1097 3895 1286 3962 Galliarum
1303 3895 1513 3963 antistitibus
1530 3897 1618 3962 hanc

391 4011 484 4079 dedit
502 4022 663 4090 mentem,
682 4021 719 4076 vt
734 4031 789 4076 res
809 4007 1013 4098 Socie[ta]tis
1037 4011 1081 4076 ad
1104 4010 1248 4098 gloriam
1269 4011 1334 4078 Dei
1355 4011 1476 4081 iuuare
1498 4013 1616 4093 vallea,

445 4283 453 4314 ¹
491 4279 536 4334 Ex
548 4276 725 4334 adversariis
741 4277 930 4350 autographis
948 4278 981 4337 P.
1005 4277 1133 4350 Polanci‚
1150 4279 1180 4334 in
1197 4279 1299 4336 codice
1319 4279 1417 4352 Epist.
1437 4279 1567 4336 Polunci
1582 4299 1620 4336 aa·

388 4383 512 4434 cotum„
531 4379 542 4422 1
557 4365 620 4430 iol„
633 4385 663 4422 n.
681 4363 741 4436 133,
755 4365 835 4438 prius
850 4365 959 4436 137.1n
973 4367 1093 4439 Regest.
1106 4367 1133 4432 1,
1146 4366 1202 4422 fol.
1226 4379 1301 4438 197r‚
1320 4385 1397 4426 vers.
1417 4367 1453 4422 33
1465 4378 1497 4424 et
1513 4367 1558 4440 34,
1580 4367 1620 4423 de

389 4459 444 4511 hac
456 4455 582 4529 epistola
593 4453 628 4510 fit
641 4453 841 4510 tantummodo
856 4453 966 4510 mentio
978 4455 1060 4510 hisce
1074 4455 1184 4511 verbis:
1200 4470 1263 4512 uso.
1278 4457 1381 4513 Scriue
1394 4463 1515 4513 nuestro
1525 4455 1621 4513 Padrc

387 4547 415 4600 al
428 4544 533 4616 obispo
546 4544 583 4599 de
596 4543 782 4600 Claramonte
795 4561 815 4615 y
828 4544 854 4598 al
868 4542 1005 4599 cardeual
1019 4543 1056 4598 de
1070 4543 1173 4600 Guisa.
1188 4544 1245 4600 Las
1257 4545 1357 4617 copias
1370 4545 1498 4620 quedan.
1507 4566 1521 4598 u

440 4639 451 4668 ¹
489 4633 617 4688 Litteras
629 4631 785 4688 clarissimi
798 4631 938 4688 Gulielmi
951 4631 989 4687 de
1002 4633 1100 4700 Prato,
1114 4633 1325 4690 claromontani
1339 4635 1492 4706 antistitis,
1507 4635 1575 4691 vide
1588 4635 1619 4692 in

389 4740 479 4796 opere
493 4723 594 4796 Epist.
613 4721 738 4786 Mixtus,
753 4721 792 4792 V,
804 4721 868 4792 691.
