3454 5418
409 495 462 564 728
789 496 998 553 Monuuunrn
1016 495 1196 552 tensarum

370 649 412 713 ad
428 648 713 717 examinationem
729 669 847 715 eorum
860 647 1073 736 diligentem,
1088 669 1164 717 esse
1176 649 1313 734 solent).
1329 649 1428 729 Cum,
1443 649 1565 734 inquam,

370 763 403 828 in
432 765 534 832 domo
561 765 691 850 primae
712 764 922 852 probationis
946 765 1020 831 dies
1044 763 1173 848 aliquot
1196 745 1404 843 diuertisset,
1421 765 1512 833 animi
1530 768 1570 832 sui

370 879 660 964 perturbationem
673 879 805 966 aperire
820 883 944 947 Petrus
956 880 1048 966 cepit
1060 891 1095 946 et
1107 880 1150 946 de
1163 880 1330 948 beneficio
1342 903 1406 947 suo
1418 879 1570 948 sollicitum

367 1018 405 1062 se
421 1016 497 1062 esse
517 997 732 1064 ostendebat.
758 1000 848 1066 Cum
870 1018 938 1081 qua
957 995 1090 1064 ratione
1106 1008 1223 1082 posset
1238 997 1435 1082 scrupulum
1451 997 1572 1065 eximere

366 1109 558 1190 doceretur,
577 1111 668 1196 cepit
684 1111 809 1178 clarius
826 1111 893 1177 iam
910 1111 1021 1192 fateri,
1040 1133 1078 1180 se
1094 1111 1317 1180 extimescere
1338 1111 1515 1198 relligionis
1532 1113 1572 1178 in·

365 1247 535 1308 gressum,
553 1239 587 1292 et
604 1249 664 1312 per
680 1227 770 1294 viam
786 1247 824 1295 se
840 1226 1009 1314 agitatum
1027 1227 1146 1306 fuisse,
1160 1237 1207 1307 et,
1222 1250 1265 1294 ex
1278 1249 1347 1312 quo
1359 1227 1523 1314 ingressus
1532 1241 1571 1296 est

365 1344 519 1421 Romam,
551 1365 725 1428 nunquam
754 1365 792 1412 se
819 1343 936 1428 quieto
964 1344 1077 1410 animo
1107 1343 1223 1410 fuisse.
1251 1344 1414 1412 Addebat
1435 1343 1525 1412 etiam
1545 1367 1572 1411 se

364 1458 577 1526 existimasse
594 1459 771 1540 Coloniae,
791 1459 895 1543 quod,
911 1469 1091 1544 postquam
1107 1459 1195 1526 duos
1211 1471 1326 1528 tresue
1347 1481 1453 1525 annos
1471 1460 1503 1524 in
1523 1461 1572 1528 so-

363 1573 486 1642 cietate
507 1574 699 1654 mansisset,
722 1577 765 1641 ad
791 1575 939 1660 patriam·
957 1586 1048 1642 esset
1069 1575 1254 1654 rediturus,
1273 1586 1308 1642 et
1325 1573 1488 1643 beneficio
1501 1589 1572 1642 esset

361 1689 601 1770 inseruiturus,
621 1701 656 1758 et
670 1691 809 1756 demum
825 1690 899 1758 sine
913 1691 1026 1756 fratris
1039 1691 1218 1758 voluntate
1229 1713 1267 1758 se
1279 1711 1348 1757 non
1362 1691 1571 1776 ingressurum

361 1805 579 1892 religionem.
607 1808 697 1873 Cum
720 1807 845 1874 frustra
867 1808 973 1873 multa
993 1807 1085 1872 dicta
1106 1807 1233 1874 fuerint
1253 1829 1271 1871 a
1293 1806 1406 1886 nobis,
1429 1806 1572 1874 suasimus

363 1934 397 1989 vt
413 1922 575 1990 exercitia
591 1920 779 2008 spiritualia
795 1921 869 1990 dies
885 1922 1014 2008 aliquot
1035 1923 1163 1989 faceret
1179 1933 1214 1989 et
1229 1921 1266 1987 in
1282 1922 1411 1990 eisdem
1426 1921 1570 1989 delibera-

362 2051 413 2104 ret
428 2039 471 2105 de
488 2049 579 2103 statu
596 2037 687 2104 vitae
704 2059 799 2104 suae.
815 2037 961 2123 Accepit
976 2038 1220 2118 conditionem,
1239 2049 1274 2106 et
1289 2037 1400 2124 primo
1412 2037 1476 2116 die,
1489 2059 1566 2124 egre·

359 2153 416 2240 gie
437 2155 630 2239 proficiens,
654 2176 690 2220 se
711 2154 777 2221 iam
800 2156 843 2220 ad
864 2153 1129 2240 resignationem
1146 2154 1200 2221 sui
1215 2165 1373 2242 paratum
1390 2155 1461 2221 fore
1476 2165 1568 2220 osten·

359 2273 540 2338 debatetc.
559 2271 628 2338 Sed
645 2273 764 2339 eodem
782 2271 837 2336 die
853 2285 887 2337 et
899 2271 1057 2356 sequenti
1070 2293 1130 2358 per
1142 2269 1398 2337 instabilitatem
1412 2269 1476 2356 (cui
1488 2269 1568 2334 valde

356 2387 492 2453 videtur
508 2387 686 2469 obnoxius)
704 2388 747 2452 ab
764 2407 805 2451 eo
822 2386 997 2472 proposito
1013 2385 1163 2452 dimotus
1179 2386 1242 2452 fuit
1258 2396 1294 2452 et
1309 2385 1429 2472 egredi
1444 2407 1479 2452 se
1499 2383 1568 2452 velle

355 2501 558 2568 omnimodis
579 2503 781 2583 affirmabat3
809 2512 890 2567 tunc
915 2523 1029 2568 coram
1055 2501 1227 2568 nonnullis
1252 2501 1415 2568 fratribus
1437 2499 1567 2567 eiusdem

354 2639 433 2684 cum
455 2617 514 2684 illo
536 2617 694 2696 nationis,
717 2628 795 2703 post
816 2615 882 2684 alia
903 2628 1057 2684 amanter
1080 2615 1184 2699 dicta,
1207 2627 1372 2702 quattuor
1394 2619 1448 2702 (de
1477 2611 1567 2682 Patris

354 2733 461 2800 nostri
487 2734 592 2818 iussu}
617 2744 699 2800 sunt
723 2733 753 2801 ei
779 2733 965 2820 proposita:
993 2732 1152 2818 primum,
1175 2744 1225 2810 vt,
1249 2732 1276 2798 si
1298 2732 1413 2811 vellet,
1437 2740 1566 2798 maneret

353 2850 444 2916 domi
461 2861 597 2916 nostrae
612 2861 650 2914 vt
666 2852 804 2934 hospes,
824 2851 934 2916 donee
952 2859 1138 2934 tempestas
1150 2850 1235 2916 haec
1248 2849 1436 2916 sedaretur:
1452 2859 1527 2924 ψ,
1540 2857 1567 2908 vt

352 2977 584 3051 perseueraret
609 2964 643 3030 in
669 2963 839 3032 exercitiis
864 2963 1031 3029 faciendis
1054 2973 1088 3029 et
1112 2963 1336 3031 confiteretur
1365 2965 1465 3048 [quod
1492 2961 1565 3027 domi

354 3103 539 3166 numquam
554 3083 705 3166 fecerat),
720 3093 755 3145 et
769 3081 987 3166 postmodum
1001 3081 1043 3146 de
1057 3080 1161 3147 rebus
1173 3079 1245 3144 suis
1257 3089 1435 3160 statueret;
1451 3090 1526 3164 ψ,
1538 3087 1567 3139 rt

266 3185 271 3197 ’
353 3197 608 3284 peregrinatum
628 3195 693 3262 iret
715 3217 775 3282 per
797 3215 947 3262 mensem
971 3195 1014 3261 ad
1037 3193 1219 3260 Dominam
1249 3205 1399 3260 nostram
1425 3197 1565 3262 Laureta-

351 3336 441 3389 nam3
469 3325 553 3394 4⁰¹³,
580 3323 616 3377 vt
643 3333 794 3380 mensem
818 3332 923 3376 vnum
948 3309 1108 3396 hospitali
1135 3309 1330 3390 inseruiret,
1356 3321 1403 3392 et,
1429 3309 1565 3394 quando·

352 3451 499 3514 cumque
517 3427 647 3494 meliori
664 3449 742 3494 cum
765 3438 880 3494 mente
901 3427 951 3493 ad·
965 3447 1027 3492 nos
1048 3425 1217 3508 rediisset,
1240 3447 1342 3510 quam
1364 3423 1564 3493 libentissime

356 3567 436 3613 eum
448 3565 602 3612 essemus
618 3543 805 3628 excepturi.
828 3542 963 3609 Placuit
979 3541 1010 3608 ei
1026 3539 1062 3607 in
1078 3539 1235 3627 hospitali
1249 3539 1427 3621 inseruire,
1442 3554 1474 3612 et
1487 3542 1564 3605 locus

352 3661 515 3728 obtentus
523 3672 575 3728 est
586 3658 630 3740 ei;
642 3659 702 3728 sed
713 3681 791 3725 cum
804 3669 971 3725 venturus
981 3668 1066 3756 erat,
1079 3678 1149 3723 non
1159 3657 1266 3736 venit,
1277 3677 1341 3725 nec
1352 3657 1492 3742 amplius
1500 3675 1564 3721 eum

349 3775 508 3841 vidimus.
530 3779 595 3842 Det
613 3774 660 3839 illi
678 3773 847 3842 Dominus
864 3772 1033 3838 saniorem
1050 3793 1202 3850 sensum,
1217 3782 1253 3838 et
1265 3771 1426 3838 maiorem
1439 3773 1473 3838 in
1484 3769 1565 3837 bonis

349 3891 583 3972 stabilitatem,
601 3891 883 3976 'quandoquidem
906 3888 964 3974 qui
990 3887 1262 3974 perseuerauerit
1283 3890 1390 3972 vsq'ue
1412 3889 1445 3954 in
1467 3887 1563 3956 linem.

351 4008 468 4072 saluus
485 4007 549 4074 erit
567 4011 590 4071 ³.
656 3993 659 3998 Δ

419 4123 503 4189 Mira
521 4145 589 4188 non
606 4132 687 4189 sunt
704 4119 899 4186 huiusmodi
918 4122 1017 4205 (quae
1034 4119 1213 4185 hominum
1229 4131 1282 4187 est
1299 4120 1433 4188 miseria
1445 4133 1477 4188 et
1489 4118 1566 4183 intir-

350 4239 473 4317 mitasl,
489 4239 550 4304 sed
562 4237 643 4324 quia
658 4237 781 4303 missus
793 4259 813 4301 a
827 4247 886 4300 tua
899 4233 986 4314 ΙΨ,
1002 4235 1033 4302 ei
1046 4234 1209 4320 peculiari
1226 4236 1329 4302 modo
1345 4236 1565 4322 compatimur,

350 4367 386 4420 et
402 4354 565 4440 quicquid
582 4352 770 4439 poterimus
786 4353 830 4418 ad
841 4351 916 4419 eius
932 4349 1098 4418 auxilium
1115 4360 1150 4418 et
1166 4352 1311 4418 salutem
1323 4353 1489 4431 conferre,
1503 4372 1569 4436 per·

350 4471 497 4538 libenter
515 4468 755 4556 prestabimus

356 4633 390 4638 —.
413 4633 485 4640 -ς-μ-
519 4631 569 4638 -....

402 4727 411 4755 ⁵
450 4721 591 4783 Morsu,
606 4719 643 4785 X,
659 4731 705 4772 22.
