3486 5420
475 413 581 470 Errsr.
602 413 757 468 2208.-·22
776 412 963 468 Novananrs
984 425 1050 483 1551
1288 410 1342 481 733

136 568 181 636 in
196 572 225 638 F
226 569 365 638 iorenza
381 581 395 608 ⁸
410 569 528 636 auanti
544 573 610 638 che
626 569 759 655 parlino
775 592 795 636 a
815 571 884 638 don
906 568 1000 638 Luisi
1022 571 1048 650 ¹,
1071 591 1136 636 con
1159 571 1371 651 Balthasare,
1388 569 1393 578 ’

136 687 336 754 Guillermo
352 688 364 720 ⁸
382 697 417 753 et
433 685 584 755 Gnerico
600 683 614 725 b
630 709 672 753 ve
689 707 731 754 ne
747 687 909 772 partirete
925 708 985 774 per
1009 687 1163 772 Bologna
1183 687 1209 766 ⁴,
1233 697 1268 755 et
1288 686 1323 752 di
1345 688 1377 755 la

139 803 343 872 mandarete
360 825 380 869 a
396 803 548 870 Gnerico
564 824 625 891 per
640 803 673 870 la
688 802 744 868 via
762 802 925 890 megliore
946 803 1014 869 che
1033 813 1167 888 potrete
1188 825 1207 868 a
1229 803 1373 878 Trento,

138 930 179 985 et
193 921 359 988 hauerete
371 939 454 985 cura
470 919 550 988 delli
572 918 649 986 altri
670 919 785 985 nostri
799 917 957 1000 scholari,
981 918 1231 986 comunicando
1250 920 1373 986 alcune
1484 915 1486 923 ’

139 1055 224 1100 cose
240 1045 266 1115 ⁰,
285 1045 319 1102 et
341 1035 488 1102 maxime
515 1034 558 1102 de
578 1025 803 1120 importanoa,
822 1056 886 1102 con
909 1037 956 1102 M.
983 1035 1052 1101 don
1076 1035 1268 1104 Francesco
1293 1035 1373 1102 Pal-

142 1149 229 1232 mio,
249 1171 346 1218 come
362 1151 396 1216 vi
414 1155 533 1236 patera
549 1150 752 1237 expediente
767 1162 898 1237 quanto
913 1153 979 1217 alle
996 1171 1141 1238 persone
1153 1135 1239 1220 loro'.

213 1265 266 1334 2⁰
313 1269 488 1336 Hauerete
504 1288 586 1334 cura
602 1265 683 1335 delli
699 1267 816 1348 studii3
835 1277 870 1335 et
885 1266 1028 1336 insieme
1044 1288 1110 1334 con
1130 1268 1198 1334 don
1222 1267 1372 1334 Franco-

143 1401 206 1449 sco
222 1385 437 1451 attenderete
456 1383 521 1450 alla
542 1382 729 1450 directione
745 1382 779 1448 di
796 1381 912 1468 quelli,
941 1393 1070 1468 quanto
1097 1382 1162 1449 alle
1178 1380 1315 1450 lectioni
1338 1394 1373 1450 et

143 1497 311 1565 essercitii
326 1498 493 1581 litterarii,
512 1510 546 1568 et
562 1498 773 1586 seguitarete
788 1500 820 1566 la
837 1497 944 1567 forma
959 1499 1026 1568 che
1041 1497 1076 1564 di
1092 1519 1160 1584 qua
1175 1498 1211 1564 vi
1225 1498 1254 1565 si
1276 1519 1373 1566 man-

140 1615 239 1694 data,
262 1625 391 1700 quanto
419 1615 448 1682 si
475 1615 585 1700 potrd,
615 1615 775 1683 hauendo
804 1625 955 1701 respetto
977 1614 1043 1680 alle
1066 1613 1307 1682 circonstantie
1330 1616 1374 1682 de

141 1753 287 1818 persone
303 1742 338 1798 et
353 1733 432 1798 loco
447 1742 513 1800 etc.

210 1849 263 1931 3.⁰
308 1847 410 1914 Circa
425 1849 458 1913 el
472 1847 574 1914 modo
590 1848 642 1914 dei
662 1846 766 1929 vieta,
784 1858 967 1935 procurate
982 1845 1011 1913 si
1024 1857 1114 1915 meta
1126 1847 1185 1911 vn’
1199 1846 1371 1914 ordinario

140 1973 374 2050 competente,
392 1963 520 2048 perche
542 1983 629 2032 sono
648 1961 831 2030 informato
852 1964 918 2056 che
938 1966 969 2029 c’
988 1972 1079 2029 stato
1101 1959 1116 2001 ‘¹
1139 1962 1312 2030 disordine
1336 1961 1372 2028 in

139 2089 264 2164 questa
280 2089 378 2166 parte
390 2099 450 2164 per
463 2078 483 2143 il
496 2089 647 2166 passato,
662 2080 808 2147 essendo
820 2079 958 2164 quando
971 2089 1081 2164 tropo,
1095 2078 1233 2162 quando
1244 2097 1333 2164 poco
1345 2089 1369 2144 ⁶.

140 2195 186 2260 Et
203 2178 287 2281 ogni
304 2194 460 2261 scholare
476 2193 512 2259 in
530 2205 619 2261 tutto
636 2193 659 2260 il
675 2193 711 2262 di
734 2193 861 2262 habbia
876 2216 897 2282 9
913 2217 999 2263 onze
1015 2195 1059 2263 de
1079 2215 1194 2274 carne,
1219 2214 1317 2262 corne
1336 2193 1372 2260 di

138 2331 210 2396 qua
225 2308 254 2376 si
271 2331 332 2378 vsa
349 2331 408 2395 per
424 2309 601 2396 conseglio
616 2311 672 2378 del
694 2309 841 2379 medico.
864 2312 906 2376 Et
927 2333 964 2378 se
984 2309 1138 2384 acadessi
1158 2320 1283 2391 mutar,
1309 2330 1370 2396 per

139 2427 173 2493 la
195 2425 359 2494 diuersitd
380 2427 470 2493 della
491 2439 593 2508 terra,
616 2438 738 2512 questa
758 2425 924 2512 quantita,
954 2427 1004 2494 sia
1031 2447 1095 2493 con
1125 2426 1302 2513 conseglio
1328 2428 1372 2496 de

139 2542 291 2625 medico;
310 2554 344 2609 et
361 2563 425 2608 con
442 2542 491 2610 lui
507 2541 535 2608 si
552 2541 701 2608 consulti
717 2543 760 2610 de
777 2542 808 2610 le
824 2524 985 2610 cose'che
1009 2542 1195 2629 mangiano
1222 2541 1241 2624 ¹,
1265 2542 1371 2610 intor-

137 2660 264 2724 mando
281 2660 324 2726 de
340 2657 364 2723 li
381 2655 438 2745 pio
455 2656 592 2739 infirmi,
611 2668 646 2724 et
659 2656 762 2724 altriss
778 2657 1014 2744 appartenenti
1027 2660 1060 2725 al
1071 2659 1165 2723 buon
1180 2657 1370 2744 regimento

138 2796 200 2860 per
217 2774 381 2843 tratenire
397 2775 430 2842 la
443 2773 567 2844 sanitd.

205 2891 258 2971 4.⁰
305 2892 438 2959 Vedete
454 2892 519 2958 che
535 2890 563 2958 si
580 2903 724 2959 vestano
741 2890 777 2956 in
794 2891 896 2956 modo
912 2889 1140 2958 conueniente
1162 2901 1196 2957 et
1218 2887 1315 2956 vsino
1337 2891 1369 2958 le

138 3007 274 3072 barrete
290 3005 346 3074 dei
363 3005 463 3093 preti,
482 3027 501 3072 a
518 3007 619 3072 modo
635 3003 715 3073 delli
737 3005 882 3072 scholari
903 3005 1023 3086 nostri,
1047 3015 1081 3071 et
1098 3016 1194 3072 veste
1216 3027 1324 3091 negra
1339 3003 1366 3085 ¹¹,

137 3120 350 3208 potendossi.

206 3239 260 3320 5.⁰
306 3237 457 3322 Quando
472 3249 584 3305 sarete
600 3237 608 3277 ¹
623 3248 713 3304 stato
733 3260 779 3302 vn
802 3259 894 3306 mese
917 3237 1044 3304 incirca
1065 3236 1102 3305 in
1123 3238 1278 3322 Bologna
1299 3237 1367 3324 (nel

136 3353 219 3438 qual
236 3363 353 3440 tempo
369 3375 438 3420 non
454 3353 598 3421 acaderd
614 3354 687 3422 dire
703 3356 768 3420 che
783 3352 922 3421 douiate
937 3352 1105 3438 partirui),
1124 3374 1220 3420 come
1236 3355 1280 3421 da
1296 3351 1364 3430 voi,

137 3480 276 3556 potrete
291 3469 363 3536 dire
380 3491 399 3535 a
415 3471 483 3536 don
499 3471 691 3536 Francesco
710 3468 840 3536 Palmio
856 3471 920 3536 che
933 3468 966 3533 vi
979 3490 1074 3555 pare,
1089 3491 1149 3556 per
1162 3470 1193 3538 le
1205 3469 1366 3536 infirmitd

189 3638 204 3665 α
222 3619 314 3679 Fior.¹
331 3639 387 3679 ms.
427 3625 477 3664 -b
501 3601 568 3689 Sicj
581 3621 690 3677 melius
707 3623 741 3677 iu
755 3621 853 3676 <ruitur
870 3637 946 3680 exn:
965 3620 1118 3680 Guerrico.
1146 3625 1206 3664 '-0
1226 3621 1369 3690 Quatuar

134 3711 290 3782 sequeutia
303 3710 394 3764 uerba
412 3709 533 3766 addidit
552 3711 589 3766 S.
611 3704 765 3783 Ignatius⁸
803 3713 854 3754 -d
877 3711 933 3766 che
955 3712 982 3766 c'
1006 3711 1023 3766 ὲ
1040 3717 1118 3766 stato
1135 3709 1225 3767 aiter.
1265 3725 1312 3753 ..e
1330 3711 1368 3765 Ia

134 3800 291 3872 margine,
309 3798 343 3853 iu
364 3799 463 3854 madio
484 3799 576 3870 hujus
594 3801 799 3872 paragraphi,
824 3817 920 3854 manu
943 3801 1000 3858 Sti.
1026 3798 1155 3873 Ignatii:
1178 3808 1292 3872 aparte.
1333 3828 1367 3841 ·-

134 3891 145 3932 t
163 3889 308 3960 Quinque
321 3890 476 3960 sequentia
495 3889 585 3945 verba
604 3889 713 3945 addita
732 3893 802 3945 sunt
817 3888 875 3946 Sti.
896 3887 1016 3962 Ignatii
1033 3905 1137 3943 manu.
1176 3904 1226 3941 -u
1245 3896 1276 3942 et
1293 3889 1367 3943 altre

132 3995 204 4036 cose
217 3979 308 4034 aiter.
352 4009 370 4018 -
386 3982 400 4020 h
420 3995 512 4050 negre
525 3980 616 4034 alter.
656 3981 697 4020 -i
716 3985 814 4034 sarote
826 3995 896 4044 ms.;
909 3979 999 4050 prius
1012 3977 1160 4050 scriptum
1168 3975 1278 4049 suerat
1291 3989 1367 4043 saro;

134 4069 168 4124 iu
182 4069 324 4125 aalma:
342 4077 451 4125 sarete.
640 4057 644 4068 ’

187 4207 199 4239 ⁹
237 4202 408 4258 Ludovicus
421 4202 458 4257 de
471 4203 587 4260 Toleto.

186 4291 199 4325 ⁸
235 4292 389 4347 Baithasar
402 4299 433 4347 et
450 4291 617 4347 Gulielmus
636 4291 797 4348 Bononiam
816 4290 1021 4363 mittebantur,
1041 4297 1072 4348 ut
1090 4291 1120 4346 in
1139 4289 1296 4346 Societatis
1309 4291 1367 4345 eol·

133 4381 214 4453 legio
227 4379 380 4436 docerent.

187 4473 199 4506 ⁴
236 4467 317 4525 Socii
330 4470 527 4526 «Florentiam
546 4468 650 4525 ultima
666 4468 716 4524 die
736 4470 914 4524 Novembris
932 4477 1168 4541 pervenerunt...
1186 4469 1258 4524 Post
1275 4485 1364 4524 unurn

133 4559 182 4616 vel
195 4561 321 4616 alterum
334 4559 413 4616 diem
427 4561 460 4616 Ρ.
474 4558 618 4632 Elpidius,
629 4557 680 4630 qui
693 4558 823 4614 nondum
834 4567 999 4614 recesserat
1008 4558 1192 4614 Florentia...
1203 4557 1364 4613 Bononiam

132 4649 298 4705 discessit».
313 4649 498 4720 POLANCUS,
514 4646 692 4717 caron.,11,
709 4647 769 4702 182.
