3486 5420
581 459 686 516 Errsr.
709 457 958 530 1841.-30MAJ1
978 469 1043 528 ¹551

260 611 390 680 Rornae
405 633 498 680 nono
514 613 674 682 calendas
686 611 780 703 Junii
801 629 901 700 1551.

260 727 359 796 Tuae
374 728 485 796 Rtiae.
504 750 627 797 seruus
643 730 678 796 in
694 729 859 799 Domino.

258 845 314 910 De
330 845 492 912 mandato
509 845 621 912 Patris
637 845 745 914 nostri
760 847 805 914 D.
824 844 962 933 Ignatii,

754 963 964 1051 †J0nnrs
990 963 1197 1028 Possncos.
1223 957 1246 1047 †

257 1076 456 1162 Inscriptio,
483 1075 505 1166 ’ς
529 1075 617 1145 Rdo.
636 1076 672 1144 in
693 1077 758 1146 X.⁰
780 1075 886 1145 Patri.
910 1079 1013 1145 Mtro.
1040 1076 1220 1143 Leonardo
1241 1075 1362 1144 Kessel
1382 1076 1425 1143 de

179 1191 365 1260 Societate
377 1195 474 1280 Jesu‚
494 1202 563 1262 etc.
580 1191 759 1264 Coloniae.

264 1309 457 1395 Vestigium
476 1328 574 1374 cerae
589 1309 718 1375 rubrae
733 1309 858 1398 sigilli.

770 1483 848 1562 1841

385 1621 699 1689 MARGARITAE
723 1621 878 1690 LILIAE
901 1622 964 1687 DE
991 1620 1228 1688 FANTUZZI

623 1766 711 1809 aona
731 1752 765 1808 30
784 1766 854 1820 aran
876 1748 941 1824 1'551
965 1751 987 1808 ¹.

177 1876 224 1931 In
242 1878 384 1931 animum
405 1895 562 1949 nunquam
582 1876 738 1934 induxisse
753 1877 909 1952 significat
928 1879 1052 1933 educere
1070 1893 1100 1932 se
1119 1893 1134 1931 e
1155 1875 1329 1932 bononiensi
1350 1876 1422 1932 urbe

239 1965 400 2022 Societalis
412 1967 566 2034 alumnos·
577 1967 619 2022 ad
632 1968 854 2040 auspicandum
866 1971 969 2046 lernen
976 1965 1170 2038 ferrariense
1178 1961 1347 2038 'collegium
1360 1965 1422 2020 Pa·

238 2058 318 2110 trem
338 2056 485 2110 Broe'lum
504 2059 560 2110 arel
579 2057 705 2112 Patrem
724 2055 882 2111 Palmium
901 2073 970 2112 cum
987 2054 1092 2126 aliquo
1110 2053 1283 2110 scholastico
1302 2055 1421 2110 mitten·

239 2145 314 2199 duro
328 2161 400 2200 esse.

793 2268 810 2322 †

768 2324 837 2396 ths.

257 2469 305 2535 La
320 2489 454 2534 summa
470 2467 581 2554 gratia
597 2489 617 2535 e
633 2489 749 2536 amore
764 2479 883 2536 eterno
899 2468 943 2536 de
958 2439 1415 2556 X.⁰siase1npreinaggio-

178 2595 223 2651 to
239 2607 260 2652 e
276 2585 373 2650 fauor
390 2593 518 2650 nostro.

255 2701 312 2766 Ho
328 2698 416 2765 visto
433 2720 501 2764 vna
516 2699 638 2766 lettera
658 2701 702 2765 de
723 2701 767 2766 V.
794 2699 881 2768 Sria.
908 2721 927 2766 e
950 2721 1069 2786 presso
1094 2699 1325 2770 consolatione
1349 2721 1414 2768 con

180 2815 312 2901 quella,
331 2815 488 2883 vedendo
505 2815 537 2881 la
552 2813 728 2900 spirituale
744 2813 933 2883 intentione
949 2835 969 2881 e
985 2836 1100 2884 amore
1120 2817 1186 2882 alla
1206 2815 1416 2902 perfectione

176 2953 202 2999 e
231 2929 421 2999 imitatione
447 2932 490 2996 de
513 2931 576 2996 X.⁰
601 2940 717 2996 nostro
741 2929 891 3017 signore,
911 2931 977 2998 che
993 2930 1028 2997 in
1053 2953 1130 3000 essa
1149 2931 1178 2997 si
1199 2941 1338 3013 mostra;
1362 2953 1416 2998 ma

179 3057 315 3133 quanto
330 3047 362 3111 al
378 3047 448 3114 fine
468 3046 502 3112 di
518 3046 612 3112 detta
631 3047 765 3127 lettera,
791 3048 846 3112 ch'
870 3046 1100 3113 &essortarmi
1121 3067 1224 3114 anon
1247 3045 1416 3114 rimouere

178 3165 227 3231 de
249 3163 402 3248 Bologna
421 3161 445 3227 li
462 3162 568 3228 nostri
590 3183 650 3248 per
670 3163 703 3228 la
723 3162 865 3250 pouerti
883 3164 949 3228 che
970 3173 1125 3242 senten0,
1148 3162 1223 3230 diro
1244 3163 1312 3229 due
1334 3182 1414 3230 cose

179 3300 275 3346 vere.
296 3279 374 3344 Vna
390 3280 421 3359 ὲ,
440 3281 505 3344 che
521 3278 589 3344 mai
605 3296 693 3346 vene
710 3279 799 3344 nella
821 3287 937 3346 mente
954 3277 1020 3343 mia
1033 3279 1074 3343 de
1090 3275 1194 3344 levar'
1211 3277 1246 3343 di
1261 3278 1294 3344 la
1309 3277 1332 3342 li
1350 3298 1411 3343 no·

179 3393 247 3462 stri
264 3415 324 3480 per
340 3393 449 3462 simile
465 3415 581 3476 causa,
600 3395 735 3460 bancho
750 3415 809 3479 per
826 3414 963 3480 sperare
983 3395 1114 3460 altroue
1134 3393 1193 3481 pin
1209 3393 1351 3462 seruitio
1371 3394 1415 3461 de

179 3508 263 3590 Dio,
282 3530 379 3577 come
395 3509 552 3576 vediamo
568 3510 658 3576 doue
674 3509 701 3575 si
719 3509 798 3576 fano
814 3509 963 3596 collegii,
981 3509 1091 3596 potria
1108 3532 1222 3578 essere
1234 3507 1288 3576 ch'
1302 3509 1336 3576 io
1352 3512 1412 3576 ha-

179 3625 274 3692 uessi
292 3636 434 3712 pensato
450 3623 484 3690 di
502 3624 566 3690 cio.
586 3626 625 3692 L’
645 3626 730 3691 altra
746 3645 825 3692 cosa
841 3647 922 3691 vera
945 3626 976 3704 ἑ,
996 3627 1060 3692 che
1077 3624 1142 3691 mai
1167 3627 1211 3692 de
1232 3626 1346 3712 parola
1368 3626 1410 3692 ni

177 3763 242 3829 per
259 3739 379 3807 scritto
395 3762 541 3826 persona
557 3740 636 3807 delli
654 3740 761 3807 nostri
778 3743 842 3806 che
858 3763 943 3807 sono
958 3739 993 3806 in
1012 3742 1168 3828 Bologna
1184 3763 1220 3808 se
1238 3740 1281 3808 m’
1299 3744 1345 3808 ha
1360 3743 1410 3809 la-

177 3867 334 3923 mentato
352 3879 373 3923 o
391 3867 554 3923 mostrato
571 3856 606 3922 in
622 3857 724 3922 modo
740 3857 863 3922 alcuno
884 3855 949 3924 che
969 3856 1135 3941 patissero
1156 3857 1302 3944 bisogno
1322 3858 1410 3926 delle

177 3993 262 4038 cose
278 3970 482 4040 necessarie.

249 4069 375 4156 livero
391 4090 470 4168 che,
493 4088 579 4153 oltra
602 4086 682 4152 delli
705 4085 762 4152 doi
785 4087 930 4154 scholari
954 4087 1105 4154 mandati
1128 4087 1163 4152 in
1189 4087 1298 4154 Viena
1323 4110 1342 4154 e
1363 4111 1409 4154 vn

176 4202 267 4270 altro
284 4211 412 4270 venuto
427 4201 462 4267 in
479 4203 600 4283 Roma,
618 4201 649 4268 ci
663 4202 681 4268 ὲ
695 4224 794 4288 parso
807 4223 867 4288 per
880 4203 1026 4288 qualche
1040 4214 1154 4290 tempo
1167 4205 1233 4270 che
1245 4206 1289 4270 D.
1304 4205 1331 4270 F
1334 4227 1408 4271 ran·

176 4337 282 4384 cesco
299 4317 431 4384 Palmio
447 4338 468 4382 o
485 4319 588 4385 Mtro.
608 4317 769 4384 Pascasio
790 4317 819 4384 si
842 4317 1032 4386 trasseressi
1047 4317 1082 4384 in
1104 4319 1258 4385 Ferraria
1277 4341 1341 4386 eon
1363 4343 1407 4386 vn

176 4433 267 4498 altro
292 4433 449 4500 scholare
473 4451 492 4498 e
516 4453 576 4518 sey
598 4436 662 4501 che
685 4431 912 4500 mandassirno
932 4433 966 4499 di
988 4455 1057 4518 qua
1077 4456 1138 4520 per
1153 4434 1264 4501 insino
1280 4458 1300 4502 a
1318 4446 1411 4503 tanto

235 4593 243 4623 ¹
283 4593 326 4646 Ex
340 4555 522 4664 autographo
535 4592 568 4648 P.
583 4591 716 4663 Polanci,
731 4593 761 4647 in
776 4591 847 4650 Cod.
864 4593 950 4650 Rom.
966 4594 991 4658 I,
1009 4611 1038 4650 n.
1058 4593 1165 4667 CXLI,
1183 4595 1270 4652 unico
1287 4595 1411 4656 folio.-

177 4680 301 4747 Cartos,
315 4699 345 4736 n.
359 4679 548 4742 CCXXVIII.
