3486 5420
426 419 478 490 734
805 419 1014 476 mononem
1033 419 1212 474 1111111211

391 585 519 652 vostre,
538 593 608 640 non
624 573 648 638 l’
663 571 890 660 aggiutaresti
907 581 1005 638 tanto
1020 591 1121 640 come
1140 570 1209 638 don
1232 572 1372 640 Andrea
1396 575 1421 650 ³,
1442 573 1551 657 quello
1570 573 1605 637 de

394 691 513 757 Padua
527 687 549 769 1',
568 702 603 758 et
618 691 683 755 che
698 689 836 756 credete
851 686 940 754 saria
955 687 1047 754 bono
1062 688 1129 753 che
1145 687 1193 752 lui
1206 686 1341 756 venessi
1354 687 1389 752 in
1401 697 1514 754 vostro
1527 688 1604 768 loco,

392 805 519 892 perche
534 806 568 872 lo
584 804 694 891 potrie
711 803 892 890 aggiutare
908 803 967 889 pid
983 803 1018 868 in
1035 802 1242 870 contessioni
1258 815 1341 871 etc.:
1360 815 1482 888 questo
1503 803 1608 870 inten-

392 923 449 1000 do,
469 920 607 1005 quando
629 919 683 985 voi
706 917 891 1006 giudicasti
914 917 1016 986 etiem
1045 921 1110 984 che
1133 917 1277 986 sarebbe
1304 918 1542 988 conueniente.
1572 920 1608 984 Et

394 1036 469 1104 cosi
486 1035 704 1103 scriuendoci
720 1056 788 1120 qua
803 1035 847 1102 de
862 1055 1033 1100 consensu
1049 1033 1079 1100 si
1094 1032 1284 1119 prouederi
1296 1037 1362 1103 che
1377 1035 1434 1100 voi
1450 1034 1578 1102 andiate
1592 1057 1607 1099 a

394 1153 526 1232 Padua,
544 1163 579 1219 et
595 1150 610 1191 ¹¹
626 1152 649 1217 l'
667 1152 755 1221 altro
770 1171 884 1237 venga
901 1170 920 1217 a
937 1151 1104 1237 Bologna.

461 1267 516 1336 6.⁰
562 1267 738 1336 Lassando
753 1265 761 1306 ¹
776 1277 893 1334 vostra
908 1287 991 1333 cura
1008 1289 1028 1334 a
1045 1267 1067 1332 l'
1090 1267 1178 1334 altro
1198 1267 1389 1348 sacerdote,
1411 1277 1446 1334 et
1465 1267 1608 1334 andando

393 1384 449 1450 voi
462 1405 482 1451 a
500 1385 630 1464 Padua,
646 1382 807 1451 vederete
819 1380 960 1450 insieme
972 1402 1038 1448 con
1052 1385 1100 1450 M.
1119 1383 1261 1453 Andrea
1272 1383 1316 1450 de
1329 1383 1430 1449 Fruzi
1442 1384 1503 1449 che
1516 1381 1608 1448 modo

393 1498 422 1566 si
441 1521 540 1586 possa
557 1498 667 1568 tenire
682 1500 725 1566 de
742 1499 793 1565 far
808 1499 926 1564 schola
942 1496 1045 1566 etiam
1063 1496 1100 1563 in
1117 1499 1248 1580 Padua,
1266 1519 1366 1564 come
1381 1497 1416 1563 in
1433 1497 1567 1564 Ferrato
1579 1507 1609 1562 et

393 1615 552 1694 Venetia,
572 1627 606 1683 et
622 1613 653 1682 ci
670 1613 840 1682 auiserete
856 1615 912 1682 del
929 1624 1031 1680 tutto.
1111 1621 1114 1632 ”

958 1777 1063 1860 22119

706 1909 953 1978 LUDOVICO
970 1911 1033 1977 DE
1049 1909 1310 1978 COUDRETO

784 2053 872 2098 1101111
886 2055 921 2096 22
936 2053 1116 2098 novemnms
1133 2054 1197 2112 1551
1214 2047 1233 2099 ¹.

397 2159 546 2229 Quamvis
558 2158 689 2224 litteras,
701 2156 892 2232 prohibentes
909 2159 1071 2228 quominus
1087 2159 1161 2214 socii
1174 2159 1363 2214 Florentiam
1381 2161 1471 2224 lrenl,
1485 2156 1607 2231 ignotius

448 2255 549 2321 nuper
561 2249 719 2320 acceperit,
733 2245 980 2302 nihilominusde
994 2245 1144 2303 sententia
1158 2248 1329 2303 cardinalis
1344 2247 1560 2320 compostellani
1571 2261 1608 2299 so

448 2339 519 2402 clos,
533 2335 695 2409 collegium
709 2337 931 2408 auspicaturos,
947 2335 1052 2404 mittit,
1064 2337 1227 2392 secundum
1243 2334 1381 2410 primum
1395 2337 1606 2404 florentinorum

447 2427 624 2500 principum
638 2423 1030 2494 materiatum-Quomodo
1042 2425 1116 2480 socii
1131 2441 1192 2480 sese
1200 2441 1311 2498 gerere
1322 2426 1457 2491 debeant,
1470 2427 1553 2482 docel.

464 2542 749 2634 [Fiorenza.]-3.
772 2543 806 2610 A
827 2545 930 2611 Mtro.
960 2542 1148 2610 Ludouico.
1174 2545 1251 2611 Una
1272 2544 1395 2612 lettera
1423 2563 1515 2610 come
1533 2543 1605 2608 hair

337 2708 341 2714 ·
398 2660 509 2727 biamo
525 2657 680 2724 riceuuto
696 2656 718 2723 l'
734 2657 831 2724 auiso
852 2661 916 2726 che
937 2657 960 2723 ti
982 2656 1104 2724 scolari
1127 2671 1248 2743 queste
1269 2658 1449 2726 inuernata
1469 2679 1532 2726 non
1552 2677 1605 2723 an-

397 2777 550 2858 dasser03
569 2795 624 2840 ma
640 2773 785 2842 essendo
806 2772 921 2860 partiti
943 2793 1008 2840 con
1030 2795 1128 2860 perer
1148 2775 1204 2840 del
1225 2772 1398 2842 cardinale
1419 2772 1443 2854 ¹,
1461 2783 1537 2852 etc.,
1552 2771 1607 2839 che

400 2889 576 2979 seguitino
591 2891 623 2956 la
639 2888 748 2976 prima
764 2887 1002 2958 instructione.

466 3144 498 3210 4.
548 3122 615 3191 Vn'
635 3124 721 3191 altra
742 3121 978 3202 instructione,
997 3122 1219 3191 monstrabile
1239 3145 1259 3188 a
1286 3121 1390 3208 quelli
1410 3119 1546 3208 signori,
1560 3119 1605 3185 del

401 3242 503 3308 modo
518 3240 553 3308 di
569 3240 765 3328 procedere.

450 3403 459 3454 i
496 3402 533 3457 ln
551 3399 706 3472 margine,
723 3399 758 3453 in
777 3398 876 3454 medio
891 3397 982 3468 hujus
1001 3399 1214 3470 paragraphi,
1228 3398 1292 3454 Sti.
1309 3397 1428 3470 Ignatii
1444 3405 1607 3453 munerato

399 3483 510 3564 aperte.
549 3492 599 3533 -k
619 3487 708 3544 Deest
721 3489 773 3544 hoc
791 3487 914 3543 verbum
933 3483 966 3540 ln
985 3486 1119 3542 salter.»
1159 3487 1200 3528 ..1
1226 3485 1373 3542 Lassando
1394 3487 1497 3550 ollem
1516 3483 1607 3540 omlem

400 3597 528 3636 ricemere
541 3578 584 3637 6!

401 3684 599 3697 ψ

454 3734 465 3766 ⁵
502 3730 638 3787 Andreas
651 3729 855 3786 Galvanellus.

398 3941 403 3951 ,
454 3885 461 3916 ·
500 3883 544 3938 Ex
556 3881 659 3938 codice
673 3881 790 3954 Regesl.
805 3879 829 3946 l,
844 3877 895 3934 iol.
916 3878 991 3950 1281,
1007 3896 1087 3934 vers.
1105 3877 1162 3935 So.
1180 3879 1357 3952 scriptionis
1380 3889 1496 3953 tempus
1511 3883 1609 3935 constat

401 3989 439 4028 ex
453 3971 578 4044 epistole
589 3983 671 4028 2212.

453 4063 465 4098 ¹
502 4064 631 4134 Joannes
645 4059 820 4116 Alvarezius
838 4059 876 4116 de
893 4060 1009 4116 Toleto.
1029 4059 1091 4114 Has
1110 4059 1225 4114 litteras
1245 4077 1298 4132 per
1311 4061 1481 4116 tabellarios
1498 4055 1610 4130 Ignatite

400 4150 551 4208 Coudreto
566 4149 656 4218 misit,
670 4149 832 4206 secundum
845 4165 890 4220 ea,
906 4165 981 4222 quae
994 4147 1234 4220 supradiximus,
1248 4148 1372 4222 epistola
1392 4149 1473 4206 2186.
1489 4146 1612 4204 Videntur

400 4240 581 4313 ΡοιΑΝουε,
599 4237 725 4304 cleron„
740 4237 777 4310 11,
795 4238 845 4294 180
861 4246 892 4293 et
907 4238 967 4295 181.
982 4237 1015 4292 Id
1030 4241 1125 4310 ipsum
1140 4243 1257 4294 constet
1274 4245 1306 4294 et
1324 4237 1450 4310 epistola
1462 4239 1530 4294 2206
1541 4241 1568 4290 et
1581 4249 1610 4288 ex

401 4347 491 4386 versu
503 4329 540 4384 ad
554 4328 744 4386 summarium
757 4329 901 4401 epistolae
916 4339 985 4382 2212
999 4325 1125 4397 adjecto:
1140 4327 1201 4382 «Le
1214 4324 1299 4399 porto
1311 4326 1332 4383 il
1343 4325 1522 4399 percaccioa
1539 4337 1570 4380 22
1582 4321 1611 4376 de

403 4419 603 4476 Nouembrem
