3454 5418
495 524 601 582 Emsr.
622 523 780 596 2138.-17
798 524 963 583 Ocroams
984 537 1050 595 155¹
1301 525 1352 596 ⁶9¹

227 673 279 760 3.⁰
325 675 399 744 Che
415 676 495 742 delli
516 677 569 760 4.ο
591 677 770 760 nominati,
795 677 911 747 Pietro
931 679 975 744 dc
996 676 1246 765 Ribadeneyra,
1269 679 1389 766 Roge-

156 789 209 856 rio
225 791 251 871 ⁸,
271 792 404 858 Botello
421 794 446 873 ⁵,
464 792 690 889 Forcadan'⁶,
713 793 817 880 quelli
842 797 905 862 che
928 797 1126 862 haueranno
1150 794 1336 862 deuotione
1360 795 1389 861 si

156 916 327 990 potranno
344 907 395 974 sar
410 907 497 994 preti
516 911 540 978 ⁷.

226 1033 277 1105 4.⁰
323 1023 397 1090 Che
414 1035 468 1091 sta
483 1025 571 1092 bene
588 1027 653 1094 che
670 1025 797 1094 habbia
813 1025 1020 1094 cominciato
1037 1027 1069 1092 la
1086 1026 1227 1112 phisica.

731 1198 823 1278 2138

501 1338 668 1405 ALMAE
692 1337 830 1406 URBIS
855 1337 1050 1406 VICARIO

686 1483 822 1528 sous...
849 1474 870 1528 ¹.

208 1595 358 1653 Formulu
371 1597 547 1653 litterarum
561 1596 813 1652 testimonialium
823 1602 885 1670 pro
897 1613 998 1651 sacros
1015 1596 1137 1651 ordines
1153 1595 1345 1668 suscepturis.

229 1722 494 1810 Eg0,1gnatius
515 1716 722 1809 de'Loyola,
746 1722 929 1793 Societatis
945 1726 1029 1812 Jesu
1053 1721 1265 1809 praepositus
1279 1725 1392 1807 'gene-
1413 1737 1414 1742 ’

159 1814 256 1918 raliS,
275 1839 375 1905 Rmo.
408 1839 503 1906 Patri
525 1859 566 1906 ac
588 1839 727 1906 domino
747 1841 807 1920 D.,
837 1841 947 1906 almae
974 1837 1068 1905 vrbis
1093 1835 1233 1918 vicario,
1259 1847 1293 1903 et
1320 1835 1394 1904 aliis

161 1953 346 2034 uniuersis,
366 1971 510 2040 quorum
533 1955 676 2022 interest
697 1954 732 2021 id
753 1955 852 2034 scire,
879 1955 981 2022 iidem
1006 1953 1107 2034 facio,
1132 1953 1224 2039 quod
1251 1952 1395 2019 dilectos

161 2069 288 2138 fratres
304 2081 442 2136 nostros
458 2071 502 2138 N.
523 2071 583 2152 N.,
602 2092 746 2157 quorum
764 2081 798 2138 et
815 2069 887 2138 uita
903 2081 938 2136 et
958 2069 1112 2136 doctrina
1133 2069 1275 2155 probata
1296 2065 1395 2134 nobis

161 2197 201 2253 et
216 2195 395 2272 perspecta
412 2197 477 2267 est,
496 2197 534 2253 ut
551 2186 730 2274 religiosos
741 2198 877 2254 nostrae
889 2171 1083 2267 Societatis,
1098 2185 1156 2270 qui
1169 2185 1236 2254 iam
1251 2183 1392 2269 pridem,

163 2301 257 2368 uotis
273 2301 418 2383 emissis,
437 2323 474 2370 se
497 2300 615 2369 diuino
637 2303 800 2387 obsequio
821 2313 911 2370 totos
932 2311 1189 2382 consecrarunt,
1213 2301 1256 2366 ad
1280 2321 1395 2366 sacros

161 2411 267 2485 etiam
286 2419 545 2504 presbyteratus
561 2419 698 2487 ordines
714 2417 949 2506 suscipiendos
964 2441 1006 2484 ex
1019 2416 1213 2486 obedientia
1225 2417 1335 2496 mitto,
1355 2437 1395 2482 ac

161 2514 283 2601 eidem
294 2535 395 2600 Rmo.
415 2534 508 2602 Patri
522 2543 558 2600 et
570 2533 721 2618 domin0,
735 2535 830 2602 iuxta
846 2533 1027 2621 priuilegia
1038 2545 1073 2600 et
1087 2534 1282 2600 facultatem
1296 2531 1396 2598 nobis

165 2671 188 2714 a
204 2650 287 2716 sede
299 2649 488 2736 apostolica
500 2671 711 2731 concessam,
730 2661 964 2738 praesentans,
981 2661 1018 2716 ut
1033 2671 1092 2716 eos
1108 2647 1258 2734 benigne
1271 2646 1396 2714 admit-

162 2777 237 2831 tere
254 2777 289 2832 et
306 2765 500 2852 promoueri
520 2767 682 2834 mandare
698 2765 873 2853 dignetur,
892 2786 964 2832 oro,
989 2767 1032 2831 Et
1052 2765 1087 2830 in
1104 2763 1208 2830 huius
1226 2761 1396 2830 missionis

163 2901 205 2946 ac
221 2880 507 2966 praesentationis
526 2881 757 2950 testimonium
773 2883 837 2948 has
852 2891 1008 2968 patentes
1019 2880 1147 2961 literae,
1162 2901 1266 2946 manu
1279 2889 1396 2944 nostra

164 2995 379 3082 subscriptas
395 3008 430 3062 et
447 2997 631 3065 Societatis
647 3007 786 3064 nostrae
803 2995 915 3083 sigillo
930 2997 1142 3082 obsignatae,
1160 2993 1329 3061 dedimus.

233 3113 363 3180 Romae
380 3111 413 3178 in
431 3112 574 3180 aedibus
590 3123 728 3180 nostrae
744 3111 939 3192 societatis,
959 3112 1014 3177 die
1029 3109 1115 3200 [sid.

233 3229 277 3294 In
298 3229 473 3316 margine.
498 3230 660 3296 Formula
687 3227 863 3296 literarum
892 3225 1170 3294 testimonialium
1200 3247 1261 3312 pro
1282 3246 1398 3292 sacros

143 3387 146 3393 -
165 3343 304 3411 ordines
318 3344 541 3430 suscepturis.

219 3597 230 3630 ⁴
267 3592 568 3664 JoannesRogerius.

219 3685 232 3718 ³
268 3682 552 3740 Michaetssoteuus.

219 3773 230 3807 ⁰
267 3773 396 3842 Joannes
410 3772 433 3826 F
435 3771 571 3840 orcadan,
586 3771 652 3828 aliis
665 3771 806 3831 Forcada.

220 3865 230 3894 ³
269 3859 517 3916 «Forcadamus...
538 3868 651 3916 tantum
675 3859 711 3914 ad
734 3859 852 3916 ordines
875 3875 974 3916 sacros
996 3860 1052 3916 fuit
1075 3869 1234 3932 promotus,
1260 3876 1326 3914 cum
1350 3857 1400 3913 atii

166 3951 305 4006 honestas
315 3949 355 4004 ob
364 3965 468 4004 causas
479 3948 508 4003 id
518 3949 637 4005 differre
647 3949 861 4021 optavissent.»
876 3949 1058 4020 PocsuctJS,
1072 3948 1195 4017 Chron,
1207 3949 1244 4020 11,
1257 3961 1320 4019 550.
1331 3949 1399 4002 For·

167 4040 356 4094 mulaautem
370 4038 535 4094 litterarum
556 4037 798 4094 testimonialium
820 4053 872 4110 pro
891 4054 991 4094 sacros
1010 4039 1128 4097 ordines
1148 4037 1342 4110 suscepturis,
1363 4037 1398 4090 ab

166 4127 282 4199 Ignatio
296 4127 429 4200 usurpari
442 4127 540 4198 solita,
554 4145 589 4183 ea
603 4134 661 4199 est,
675 4144 762 4200 quam
776 4127 876 4182 statim
890 4125 1080 4185 exhibemus.
1095 4128 1171 4183 Vide
1185 4127 1340 4198 epistolam
1354 4143 1398 4180 se·

166 4224 319 4290 quentem.

220 4397 229 4432 ¹
268 4397 312 4452 Ex
325 4397 505 4468 apographo,
519 4395 548 4450 in
562 4395 665 4450 codice
678 4397 797 4454 Deerat.
816 4399 845 4451 ct
862 4396 964 4460 instr„
984 4394 1034 4450 fol.
1053 4395 1120 4464 76v.
1140 4396 1224 4452 Hanc
1242 4412 1326 4468 porro
1346 4397 1401 4451 for-

167 4487 287 4557 mulam,
303 4485 423 4541 mutatis
437 4485 597 4556 mutandis,
608 4486 698 4540 etiam
706 4501 758 4557 pro
768 4485 835 4540 aliis
846 4484 918 4540 locis
928 4484 1125 4540 adhibendam
1135 4503 1202 4541 esse
1213 4486 1400 4557 perspicuum

168 4583 225 4646 est,
239 4573 385 4648 siquidem
399 4577 436 4630 ab
450 4574 567 4646 ignatio
579 4575 664 4647 copia
674 4574 855 4631 nostratibus
865 4574 956 4630 fiebat
966 4591 1066 4630 sacros
1077 4573 1197 4630 ordines
1208 4574 1397 4646 suscipiendi.

167 4662 244 4719 Vide
257 4663 412 4736 epistolam
431 4663 624 4737 superiorem.
645 4665 746 4735 Quare
764 4679 828 4718 eam
844 4665 900 4718 hoc
918 4663 948 4718 in
970 4664 1036 4718 loco
1058 4662 1183 4733 edimus,
1207 4662 1324 4720 etiamsi
1346 4679 1402 4718 nec

167 4761 285 4827 tempus
298 4769 353 4808 nec
366 4751 452 4821 socii,
466 4770 518 4825 pro
531 4753 640 4826 quibus
653 4753 722 4808 data
735 4760 792 4824 est,
806 4753 975 4824 affigantur.
