3454 5418
427 477 481 546 658
808 479 1015 534 Monuuanrn
1035 479 1211 532 lonarmna

394 651 472 710 nus
496 651 573 696 cum
597 631 750 717 petiisset
772 631 816 697 ab
837 632 955 698 eadem
977 631 1150 701 Societate
1174 628 1329 696 stabilem
1353 651 1468 695 euram
1491 631 1596 716 suscipi

392 745 605 829 monasterii,
624 747 715 830 quod
731 747 806 813 eius
825 745 939 813 uxoris
954 768 1049 814 soror
1067 750 1077 780 ²
1095 757 1254 814 extruere
1270 755 1306 814 et
1321 745 1455 831 ingredi
1467 747 1595 824 volebat,

391 873 528 948 propter
545 881 615 941 eas,
639 883 724 946 quas
746 861 857 948 attigi,
886 861 1045 940 rationes,
1068 862 1133 928 sibi
1154 873 1246 928 recte
1269 883 1338 927 non
1360 883 1459 946 posse
1476 861 1596 928 concedi

390 976 570 1043 intellexit.
590 979 663 1043 Erit
679 999 764 1066 ergo
780 977 1003 1044 humanitatis
1020 980 1060 1044 T.
1081 979 1121 1044 E.
1140 978 1231 1061 quod
1249 976 1399 1043 officium
1412 976 1594 1044 vicecancel-

389 1092 530 1160 lariatus
546 1115 616 1158 non
633 1094 844 1173 admittatur,
861 1115 904 1160 ne
919 1118 939 1160 a
952 1094 1077 1160 nostris
1090 1094 1290 1160 recedamus
1303 1091 1594 1169 constitutionibus,

390 1208 472 1273 boni
488 1209 680 1276 consulere.
701 1211 742 1275 ln·
755 1208 851 1274 initio
868 1209 958 1275 enim
977 1208 1199 1275 coalescentis
1221 1219 1358 1275 nostrae
1381 1207 1558 1285 Societatis,
1575 1207 1594 1271 si

391 1323 543 1410 nosipsi,
559 1325 617 1409 qui
630 1347 688 1393 eas
701 1326 893 1405 condimus,
908 1347 977 1391 non
992 1326 1266 1404 obseruaremus,
1282 1335 1399 1390 nostro
1411 1346 1490 1390 sane
1501 1346 1594 1391 erem-

389 1439 446 1523 plo
468 1440 595 1525 posteri
617 1441 724 1506 multo
746 1439 886 1506 liberius
907 1443 950 1506 ab
974 1461 1090 1507 earum
1116 1439 1359 1507 obseruatione
1383 1441 1479 1526 (quae
1501 1449 1593 1504 tamen

389 1553 528 1620 maximi
546 1557 709 1624 momenti
727 1557 791 1642 est)
807 1567 948 1640 possent
965 1555 1137 1623 recedere.

457 1669 551 1736 Vidit
576 1673 655 1752 hoe,
683 1683 719 1736 vt
747 1671 1044 1757 prudentissimus,
1071 1670 1141 1754 jam
1166 1670 1279 1736 dictus
1303 1693 1362 1738 rex
1388 1691 1592 1736 romanorum.

390 1807 454 1852 nec
471 1785 591 1852 minori
609 1798 728 1872 postea
744 1787 919 1853 charitatis
935 1789 1059 1852 aflectu
1078 1801 1229 1854 nostram
1246 1785 1452 1854 Societatem
1468 1797 1516 1854 est
1535 1807 1590 1849 am·

389 1902 521 1987 plexuS,
533 1901 589 1966 cui
598 1901 729 1970 Vienae
741 1905 807 1968 hoc
819 1903 892 1988 ipso
901 1902 1017 1991 an[n]o
1030 1903 1212 1988 collegium
1222 1900 1381 1968 instituit.
1391 1901 1483 1967 Vidit
1490 1911 1520 1967 et
1528 1902 1592 1966 Fer·

390 2015 478 2084 rarie
494 2017 577 2097 dux,
596 2016 654 2102 qui
672 2019 792 2085 eodem
812 2017 883 2086 fere
904 2028 1057 2103 tempore
1079 2017 1171 2083 aliud
1193 2015 1376 2102 collegium
1398 2037 1591 2102 magnacum

390 2131 633 2198 beneuolentia
661 2133 695 2198 in
719 2155 781 2199 sua
806 2133 970 2219 precipua
993 2133 1133 2200 ciuitate
1158 2132 1232 2200 fieri
1257 2131 1377 2198 voluit.
1405 2133 1508 2200 Multo
1528 2151 1592 2195 vero

389 2247 535 2333 amplius
559 2249 724 2333 praestitit
746 2251 815 2315 dux
833 2248 1001 2329 Gandiae,
1020 2249 1071 2315 vir
1088 2249 1214 2334 alioqui
1231 2271 1298 2316 non
1316 2249 1430 2315 minus
1445 2249 1552 2314 doctus
1566 2261 1592 2312 et

389 2363 642 2450 sapiensquam
661 2367 784 2444 bonuS,
804 2366 861 2452 qui
880 2376 1011 2433 tantum
1030 2355 1127 2434 abest
1145 2377 1181 2430 vt
1197 2365 1351 2433 alienarit
1367 2364 1510 2430 animum
1529 2385 1590 2448 pro·

390 2491 467 2564 pter
482 2479 529 2559 id,
548 2481 640 2564 quod
658 2482 808 2566 petebat,
828 2493 992 2568 negatum
1010 2507 1029 2548 a
1046 2481 1220 2550 Societate
1232 2493 1360 2561 nostra,
1376 2491 1412 2546 vt
1425 2493 1527 2566 preter
1537 2479 1590 2544 col-

390 2595 482 2680 legia
503 2596 672 2676 Gandiae,
695 2597 787 2663 aliud
810 2599 936 2664 Romae
958 2597 1153 2676 instituenS,
1176 2597 1343 2664 etiamad
1365 2596 1478 2683 templi
1496 2605 1590 2662 extm-

389 2711 538 2777 ctionem
560 2723 717 2798 sumptus
736 2713 974 2796 destinauerit,
996 2716 1063 2779 hoc
1079 2735 1169 2794 anno
1185 2713 1338 2798 proxime
1354 2714 1469 2798 elapso
1479 2709 1589 2796 jubilei,

389 2847 459 2910 quo
475 2827 617 2894 Romam
635 2851 678 2896 ex
694 2829 879 2896 deuotione
895 2829 1000 2910 venit;
1020 2840 1054 2894 et
1071 2827 1205 2896 rediens
1222 2827 1255 2894 in
1274 2827 1482 2912 Hispaniam,
1495 2824 1590 2893 relicta

389 2941 502 3008 ducali
520 2943 689 3029 dignitate
705 2958 739 3010 et
756 2945 946 3011 redditibus
962 2945 1143 3026 uniuersis,
1162 2944 1324 3012 Societati
1342 2955 1474 3009 nostrae
1486 2941 1516 3006 in
1527 2961 1579 3026 pau

390 3069 522 3142 pertale
538 3070 573 3124 et
589 3059 784 3128 obedientia
801 3083 880 3128 vera
896 3083 934 3126 se
950 3060 1092 3142 addixit,
1111 3072 1145 3127 et
1161 3061 1227 3126 iam
1246 3061 1406 3125 sacerdos
1426 3061 1553 3125 effectus
1566 3068 1590 3118 et

390 3172 612 3239 concionator
630 3176 725 3241 verbi
742 3176 808 3242 Dei
831 3175 1118 3255 feruentissimum
1142 3177 1274 3255 eodem,
1298 3197 1366 3260 quo
1387 3197 1461 3254 nos,
1480 3171 1587 3244 habitu,

354 3303 360 3315 ·
389 3269 510 3356 iisdem
529 3289 649 3356 officiis
668 3291 823 3376 fungitur
839 3313 917 3356 cum
935 3290 1159 3356 admiratione
1181 3291 1331 3356 omnium
1356 3303 1391 3356 et
1414 3292 1519 3355 fructu
1536 3285 1590 3351 sin·

390 3404 513 3488 gulari.

457 3519 526 3588 Sed
544 3523 587 3586 de
603 3521 644 3588 iis
661 3523 755 3602 satis;
776 3544 844 3588 non
862 3522 952 3590 enim
969 3523 1092 3588 dubito
1109 3520 1191 3606 quin
1208 3523 1250 3590 Τ.
1269 3523 1309 3589 Ε.
1333 3544 1395 3606 pro
1416 3543 1474 3589 sua
1492 3519 1590 3602 singu-

390 3634 452 3700 lari
478 3637 628 3720 equitate
651 3649 686 3703 et
707 3638 919 3724 benignitate
943 3637 980 3702 in
1003 3641 1090 3704 hanc
1114 3636 1332 3717 Societatem,
1360 3637 1425 3702 sibi
1449 3631 1577 3702 deditissi

393 3772 496 3832 mam,
514 3737 628 3838 potius
645 3753 680 3819 in
694 3754 794 3822 nobis
810 3753 1085 3820 obseruationem
1099 3753 1246 3820 instituti
1258 3754 1379 3833 nostri,
1395 3775 1489 3838 quam
1501 3763 1589 3816 trans·

389 3867 599 3952 gressionem
624 3869 669 3935 sit
692 3872 888 3955 probatura.
913 3870 950 3938 Si
971 3881 1084 3936 tamen
1105 3867 1306 3955 oportuerit,
1330 3871 1410 3934 (lum
1435 3868 1528 3946 alius,
1547 3861 1590 3947 qui

390 3981 435 4050 sit
452 3982 609 4063 idoneus,
627 3985 816 4065 inuenitur,
835 3996 872 4050 vt
888 3987 1008 4051 doctor
1024 3984 1183 4052 Canisius
1199 4005 1325 4050 munus
1338 3987 1403 4050 hoe
1415 3979 1591 4050 vicecancel-

391 4098 464 4165 larii
488 4121 549 4185 per
576 4111 644 4168 tres
669 4101 723 4168 vel
748 4113 895 4186 quatuor
916 4123 1051 4168 menses
1075 4110 1244 4180 exerceat,
1264 4100 1360 4164 nullo
1377 4097 1534 4185 stipendio
1547 4113 1590 4158 ac-

389 4227 504 4298 cepto,
524 4215 558 4280 id
575 4216 760 4296 exercebit3
779 4229 813 4284 et
829 4215 858 4281 si
875 4216 1068 4302 injunctum
1085 4215 1120 4280 id
1138 4215 1238 4288 fuerit
1254 4238 1274 4281 a
1290 4217 1331 4282 T.
1352 4217 1407 4292 E..
1431 4227 1466 4281 vt
1485 4220 1588 4300 pareat,

392 4330 435 4393 ad
453 4329 565 4414 ipsum
581 4332 773 4398 scribimus
1356 4311 1358 4314 γ

460 4447 644 4514 Posteriori
670 4447 858 4516 litterarum
881 4459 989 4534 parte,
1017 4447 1123 4514 lllme.
1151 4445 1320 4534 princeps
1348 4447 1494 4514 animum
1515 4437 1592 4508 insti-

445 4701 456 4734 Ἰ
494 4699 608 4768 Joanna
621 4698 658 4753 de
673 4699 819 4755 Meneses.
834 4698 936 4770 Epist.
954 4697 1078 4762 Mixtua,
1095 4697 1117 4771 Ι,
1130 4697 1181 4766 287
1195 4707 1225 4754 el
1239 4697 1301 4754 288.
