3454 5418
447 476 501 542 644
827 475 1036 531 Monotrsirrn
1055 475 1235 530 lestarona

411 627 451 694 Si
476 629 542 694 che
564 638 686 712 questa
709 637 805 714 parte
822 629 856 694 io
878 629 910 695 la
926 629 1015 696 lasso
1031 650 1052 694 a
1067 626 1134 693 Dio
1150 637 1268 693 nostro
1283 637 1437 694 creatore
1451 648 1469 692 e
1483 626 1605 714 signore,

412 743 637 812 esolamente
651 743 727 810 diro
748 746 813 812 che
828 743 918 812 nelle
939 742 1083 810 orationi
1103 764 1123 810 e
1144 741 1301 809 sacrificii
1324 741 1431 809 nostri
1454 763 1514 809 non
1531 765 1591 810 man

411 862 534 926 chamo
555 860 598 926 de
619 862 789 946 preghare
812 862 843 926 la
864 859 982 926 diuina
1003 881 1066 926 sua
1082 857 1313 928 misericordia
1333 859 1454 926 accetti
1469 860 1545 928 nella
1558 881 1605 926 sua

411 985 565 1042 eternae
585 975 800 1044 inacessibile
816 977 893 1042 luce
915 999 935 1043 e
955 997 1040 1062 pace
1063 975 1086 1040 l'
1111 975 1225 1041 anima
1248 975 1304 1042 del
1327 973 1445 1061 signos
1467 975 1603 1048 Fabricio.

411 1107 508 1158 come
523 1112 681 1178 speramo
697 1092 730 1158 lo
749 1092 833 1162 sard.

479 1209 555 1274 Don
573 1209 765 1276 Francesco
782 1211 826 1277 de
843 1209 958 1293 Borja,
976 1209 1034 1295 gia
1049 1209 1163 1274 ducha
1177 1209 1221 1274 de
1238 1207 1387 1288 Gandia,
1406 1209 1484 1275 besa
1498 1207 1526 1274 le
1535 1206 1605 1272 mani

409 1323 444 1390 di
465 1325 509 1390 V.
533 1325 588 1406 E.,
615 1347 688 1392 ese
703 1325 727 1389 li
744 1326 951 1392 racomanda
966 1325 1010 1392 da
1026 1345 1141 1392 cuore.
1161 1323 1228 1392 Gis
1245 1325 1263 1391 ὲ
1281 1345 1456 1410 promosso
1470 1323 1500 1390 al
1514 1343 1604 1391 sacer-

409 1439 515 1520 dotio,
534 1463 553 1507 e
567 1439 707 1506 lassiato
724 1440 925 1508 totalmente
940 1439 963 1505 il
976 1461 1039 1506 suo
1052 1451 1155 1519 stat0‚
1169 1461 1189 1506 e
1202 1441 1287 1507 satta
1299 1439 1505 1526 professione
1515 1449 1607 1526 aperta

410 1555 499 1622 nella
515 1554 729 1642 Compagnia
745 1567 876 1623 nostra.
902 1557 1004 1624 Anda
1020 1579 1118 1624 corne
1134 1577 1264 1642 pouero
1282 1576 1363 1624 vero
1379 1556 1422 1621 de
1438 1557 1499 1622 X?
1514 1569 1607 1620 nostro

409 1669 561 1756 signore,
579 1694 599 1738 e
615 1672 755 1740 attende
772 1672 814 1738 ad
831 1670 1015 1758 aggiutare
1031 1672 1053 1736 l'
1072 1671 1185 1740 anime
1201 1693 1266 1738 eon
1283 1673 1315 1736 la
1328 1670 1550 1758 predicatione
1562 1690 1606 1755 per

409 1786 530 1870 quella·
539 1785 716 1871 prouincia
731 1787 823 1854 doue
839 1786 867 1854 si
885 1797 984 1857 troua
999 1789 1032 1853 al
1048 1799 1219 1875 presente,
1238 1808 1341 1853 econ
1357 1786 1484 1854 sentire
1497 1786 1607 1852 confes·

377 1983 380 1991 ι
409 1901 496 1968 sioni
512 1923 533 1968 o
549 1902 634 1969 altre
650 1923 753 1987 opere
769 1901 824 1988 pie
840 1903 992 1970 secondo
1007 1905 1032 1968 l'
1050 1901 1208 1968 instituto
1223 1914 1341 1968 nostro
1361 1922 1429 1968 con
1444 1902 1539 1968 molto
1557 1901 1608 1966 ler-

407 2039 490 2086 uore
513 2041 534 2086 e
555 2018 668 2084 fructo
685 2019 774 2086 delle
791 2015 915 2101 anime;
933 2039 954 2084 e
969 2040 1127 2114 speramo
1142 2021 1208 2085 che
1223 2019 1328 2084 molto
1344 2017 1372 2084 si
1388 2017 1514 2084 seruire
1532 2016 1608 2082 dilui

407 2132 502 2198 lddio
526 2135 570 2201 N.
597 2135 634 2202 S.
661 2135 737 2220 (che
761 2134 794 2200 lo
819 2137 863 2200 ha
886 2133 1069 2218 chiamato)
1093 2132 1128 2198 in
1152 2143 1273 2220 questa
1294 2132 1472 2200 vocatione
1492 2151 1607 2218 persua

407 2248 531 2334 gralia.

472 2365 499 2430 Il
515 2376 690 2452 portatore
705 2364 739 2430 di
756 2378 877 2451 questa
894 2370 970 2432 sara
990 2366 1070 2451 quel
1090 2366 1267 2451 capellano
1288 2366 1354 2432 che
1375 2386 1418 2430 va
1438 2365 1471 2430 al
1491 2361 1610 2430 seruitio

406 2481 450 2549 de
467 2483 509 2548 V.
530 2483 585 2561 E„
604 2480 627 2547 il
644 2481 746 2565 quale
762 2481 809 2546 mi
825 2503 936 2548 messe
953 2503 1013 2566 per
1029 2483 1062 2547 le
1078 2503 1178 2548 mane
1194 2501 1263 2546 vno
1279 2478 1390 2546 arnico
1407 2491 1519 2546 nostro
1530 2478 1595 2544 intel

405 2595 547 2682 ligante,
565 2595 701 2663 auditor
716 2597 773 2664 del
789 2597 941 2664 cardinal
956 2599 999 2665 de
1016 2596 1120 2682 Carpi
1132 2597 1158 2664 ⁴.
1174 2598 1215 2677 E,'
1230 2617 1328 2663 corne
1340 2617 1427 2662 sono
1438 2595 1606 2664 informato.

405 2711 424 2778 ὲ
441 2713 483 2778 de
500 2711 580 2778 boni
599 2711 732 2796 parenti
749 2690 892 2792 rontani,
916 2711 999 2782 elui
1017 2734 1163 2798 persona
1185 2713 1230 2778 da
1255 2713 1354 2794 bene,
1380 2712 1415 2778 in
1440 2712 1535 2777 rnodo
1554 2711 1605 2773 che

407 2825 453 2894 mi
474 2829 688 2913 persuadeno
714 2809 869 2894 satislarit
888 2829 954 2895 alla
970 2828 1162 2896 intentione
1177 2829 1221 2896 de
1241 2829 1281 2898 V.
1300 2829 1356 2908 E.,
1374 2828 1440 2894 alla
1455 2826 1545 2911 quale
1557 2826 1607 2888 hu·

406 2943 582 3012 milmente
598 2942 644 3008 mi
661 2945 868 3010 racomando
891 2965 911 3010 e
934 2946 1042 3012 offero
1064 2965 1130 3010 con
1154 2953 1244 3010 tutta
1267 2954 1386 3010 nostra
1409 2939 1607 3028 Compagnia.

406 3057 483 3124 anzi
500 3059 543 3125 de
559 3061 601 3126 V.
615 3060 670 3140 E.;
689 3061 855 3146 epregho
868 3060 963 3126 lddio
976 3061 1016 3126 N.
1031 3061 1084 3141 S.,
1099 3081 1159 3146 per
1170 3081 1233 3126 sua
1247 3056 1378 3127 infinita
1390 3082 1411 3127 e
1422 3054 1604 3125 sumabontl

405 3197 424 3242 a
442 3173 522 3240 tutti
538 3176 691 3242 conceda
708 3175 820 3261 gratia
836 3177 1031 3244 abondante
1047 3199 1109 3262 per
1130 3197 1297 3244 conocere
1317 3197 1454 3261 sempre
1473 3195 1530 3240 sua
1546 3192 1605 3238 san·

406 3290 537 3357 tissima
552 3291 694 3358 volunta
709 3311 729 3358 e
745 3293 859 3375 quella
876 3293 1145 3377 perlectamente
1161 3290 1337 3377 adimpire.

472 3408 525 3474 De
541 3408 648 3473 Roma
666 3424 685 3488 7
702 3406 737 3471 di
754 3408 950 3476 Settembre
971 3423 1065 3490 1551.

473 3522 516 3586 In
533 3523 604 3588 ima
619 3543 682 3587 oro
697 3523 866 3588 secundae
877 3525 1047 3610 paginae.
1066 3522 1175 3609 Copia
1190 3523 1233 3589 de
1249 3544 1316 3590 vna
1332 3546 1393 3608 per
1410 3523 1433 3589 il
1449 3525 1511 3591 S.⁰¹
1524 3518 1608 3584 Aser-

407 3637 466 3704 nio
482 3638 626 3705 Colona.

459 3891 469 3922 ⁴
507 3887 946 3960 RodulphusPiusCarpensis.
1042 3845 1047 3858 ι
