3454 5418
489 503 595 566 Emsr.
616 520 771 577 arom-17
791 508 978 564 Novsusnrs
1000 521 1065 580 1551
1302 525 1355 582 727

152 655 295 724 clesiam
312 655 467 726 obtinere
482 669 592 740 curet,
612 659 706 726 Patri
723 673 841 727 nostro
857 682 928 727 non
944 660 1147 748 displicebit.
1157 663 1303 750 'Dirigat
1326 687 1390 732 vos

155 781 297 839 aetema
312 771 481 858 sapientia
496 772 533 839 in
548 772 708 841 omnibus
724 783 748 840 ².

224 885 356 973 Nescio
366 910 411 954 an
428 891 476 956 M.
496 889 622 958 Petrus
638 890 650 922 ³
666 912 747 958 vera
763 890 902 958 omnino
917 893 1044 960 referat
1060 895 1140 972 (non
1153 894 1244 962 enim
1256 895 1391 964 creditu

153 1001 264 1089 digna
281 1002 374 1084 facit,
390 1025 477 1089 quae
490 1005 534 1070 ab
546 1025 588 1071 eo
599 1003 774 1087 dicuntur,
787 1005 862 1074 eius
874 1007 1168 1096 inconstantia);'si
1183 1021 1297 1079 tamen
1309 1021 1398 1078 vera

154 1119 275 1200 refert,
292 1118 410 1206 colligi
424 1131 541 1206 posset
557 1143 600 1190 ex
616 1121 691 1189 eius
711 1121 823 1202 dictis,
847 1123 939 1208 quod
958 1121 1012 1204 iis,
1037 1124 1095 1210 qui
1116 1125 1159 1191 ad
1181 1127 1388 1195 Societatem

156 1231 321 1320 aspirant,
344 1234 409 1302 iter
429 1237 572 1302 Romam
595 1259 704 1322 vsque
724 1237 937 1324 proponitur.
961 1241 1063 1309 Unde
1082 1241 1151 1306 duo
1167 1241 1227 1320 illi,
1246 1241 1305 1328 qui
1321 1243 1390 1308 huc

156 1348 314 1418 mittendi
330 1350 546 1432 dicebantur,
565 1364 700 1440 patrum
717 1356 906 1421 secundum
924 1376 1060 1422 carnem
1077 1359 1216 1423 hortatu
1230 1345 1389 1426 uidentur

154 1467 199 1532 ab
227 1465 386 1534 instituto
415 1478 533 1535 nostro
559 1470 603 1535 ad
635 1469 925 1538 franciscanorum
954 1471 1166 1558 relligionem
1193 1471 1387 1541 diuertisse.

154 1583 234 1648 Non
253 1604 364 1649 moror
381 1585 444 1650 hos
460 1585 559 1665 duoS,
577 1585 637 1670 qui
653 1585 741 1652 forte
758 1607 826 1652 non
848 1610 868 1653 a
889 1588 964 1656 Deo
985 1587 1097 1654 vocati
1119 1601 1228 1668 erant,
1253 1591 1390 1683 quando

155 1709 227 1764 tam
250 1697 317 1766 leui
340 1697 502 1786 impulsui
523 1713 713 1782 cesserunt3
736 1703 809 1782 sed,
834 1702 870 1768 in
891 1703 1089 1770 uniuersum
1111 1703 1296 1790 loquend0,
1319 1727 1388 1772 non

155 1835 297 1882 necesse
313 1836 390 1885 esse
404 1814 541 1884 videtur
556 1837 628 1898 eOS,
647 1817 705 1902 qui
721 1817 885 1887 Societati
901 1830 1039 1886 nostrae
1054 1831 1069 1860 ²
1084 1841 1122 1887 se
1142 1820 1301 1888 addicere
1325 1843 1388 1886 vo-

153 1929 244 2012 lunt,
268 1940 336 1997 tam
359 1933 465 2018 longo
484 1932 607 2000 itinere
630 1934 817 2014 deterrere,
840 1935 921 2019 quin
938 1935 1052 2020 potius
1068 1936 1123 2002 vel
1139 1935 1315 2018 Coloniae,
1336 1938 1390 2004 vel

155 2045 313 2125 Louanii,
330 2047 384 2116 vel
398 2047 542 2128 Vienae,
557 2049 611 2114 vel
625 2048 824 2134 ingolstadii
835 2051 974 2118 studere
987 2061 1159 2136 poterunt.
1179 2052 1388 2137 Quicunque

156 2173 273 2230 tamen
289 2162 407 2230 venire
424 2165 567 2229 Romam
583 2152 852 2250 eirpectauerint,
871 2178 905 2244 et
923 2165 1011 2233 RQ
1028 2177 1106 2234 tuae
1124 2166 1277 2234 mittendi
1294 2167 1389 2236 vide·

154 2279 299 2359 buntur,
323 2278 528 2364 perlibenter
548 2301 567 2346 a
592 2280 693 2348 Patre
717 2291 836 2348 nostro
860 2292 893 2349 et
918 2281 1077 2350 omnibus
1105 2283 1267 2350 fratribus
1286 2283 1389 2350 exci-

156 2392 309 2478 pientur.

223 2511 277 2577 De
297 2509 375 2590 illis,
399 2511 458 2594 qui
479 2511 522 2578 ad
542 2511 654 2578 sancti
676 2511 850 2578 Franm'sci
870 2511 1064 2582 institutum
1089 2537 1109 2581 a
1131 2517 1175 2582 D.
1198 2515 1356 2582 Amoldo
1378 2515 1390 2547 ⁴

153 2624 311 2710 dispositi
328 2647 389 2712 per
403 2625 650 2694 confessionem
669 2639 762 2706 sunt,
787 2628 869 2693 mihi
891 2630 1081 2714 persuadeo
1102 2651 1161 2698 eos
1183 2631 1325 2698 idoneos
1345 2632 1390 2696 ad

153 2739 362 2810 Societatem
378 2763 450 2812 non
467 2763 542 2808 esse
559 2741 783 2822 existimatos,
801 2742 927 2828 alioqui
944 2745 987 2811 ad
999 2766 1073 2811 eam
1088 2747 1201 2832 potius
1214 2757 1388 2814 moturum

154 2877 215 2924 eos
231 2855 338 2923 fuisse
355 2858 396 2926 P.
419 2856 624 2939 Arnoldum3
649 2859 703 2926 vel
724 2859 812 2927 forte
832 2880 911 2925 cum
932 2839 1005 2945 ipse
1025 2861 1069 2926 ad
1091 2883 1142 2940 ea,
1167 2883 1255 2947 quae
1275 2862 1388 2946 perfe-

154 2973 280 3039 ctionis
302 2983 396 3054 sunt,
423 2983 555 3038 tanturn
577 2985 745 3054 moueret,
770 2973 818 3040 illi
837 2986 959 3060 suapte
980 2975 1023 3041 ad
1039 2975 1123 3042 illud
1140 2975 1334 3043 institutum
1352 2997 1389 3044 se

154 3087 404 3174 applicuerunt.
424 3087 519 3174 Quid
535 3088 568 3154 in
582 3089 778 3155 huiusmodi
791 3089 967 3156 hominum
980 3089 1102 3158 animis
1116 3091 1295 3159 mouendis
1308 3093 1388 3157 cha-

154 3202 247 3270 ritati
263 3214 298 3272 et
314 3213 453 3271 sanctae
470 3203 667 3272 discretioni
683 3215 952 3273 consentaneum
970 3205 1026 3288 sit,
1044 3206 1212 3292 sapientia
1235 3205 1300 3276 Dei
1322 3207 1388 3275 Pa-

154 3317 217 3386 tris
233 3317 383 3405 Spiritus
398 3319 508 3386 sancti
526 3319 688 3388 unctione
704 3342 767 3388 vos
782 3321 917 3390 doceat.

222 3437 275 3502 De
293 3437 396 3502 Mtro.
418 3435 520 3502 Petro
536 3457 591 3503 res
607 3435 654 3501 ita
670 3437 839 3503 sehabet.
860 3436 961 3502 Domi
983 3436 1134 3506 hilariter
1154 3459 1233 3504 cum
1256 3440 1390 3505 Thoma

153 3549 248 3616 socio
270 3562 436 3635 exceptus
458 3562 523 3629 est,
548 3561 584 3616 et
607 3571 669 3635 pro
693 3571 799 3632 more,
826 3552 920 3619 velut
944 3554 1080 3638 hospes,
1107 3551 1181 3620 dies
1203 3552 1332 3637 aliquot
1354 3552 1389 3619 in

152 3666 259 3732 domo
275 3666 403 3751 primae
419 3664 630 3750 probationis
645 3665 716 3751 (ubi
737 3684 774 3733 12
794 3667 854 3734 uel¹
870 3683 907 3750 15
924 3665 1010 3749 dies,
1028 3669 1072 3734 ad
1084 3667 1137 3734 sui
1150 3668 1291 3754 spiritus
1303 3689 1386 3734 con-

153 3781 313 3849 stantiam
342 3782 567 3868 probandam,
599 3781 706 3848 nostri
737 3762 884 3848 instituti
917 3783 1083 3851 rationem
1116 3783 1387 3871 intelligendam,

152 3897 402 3965 consessionem
431 3897 627 3984 generalem
654 3895 916 3980 instituendam,
950 3897 1143 3988 lectio[nern
1175 3899 1324 3985 aliquam
1354 3899 1388 3966 in

154 4013 288 4105 qua]uis
311 4012 325 4053 b
348 4013 524 4094 facultate,
554 4013 610 4080 cui
639 4013 850 4096 vacauerint,
880 4016 1157 4102 praelegendam,
1188 4028 1224 4083 et
1251 4016 1388 4084 demum
1422 4024 1425 4028 '

207 4236 222 4264 ι
239 4217 334 4274 nostri
346 4237 402 4274 ms.
441 4221 491 4262 —b
512 4218 634 4273 Abscisa
646 4222 689 4273 est
701 4219 819 4277 charta.

207 4385 218 4415 ³
256 4380 422 4436 videantur
433 4379 471 4436 de
485 4383 539 4436 hac
553 4398 585 4435 re
601 4381 675 4436 Litt.
695 4379 875 4449 Quadrim„
889 4380 912 4452 1,
928 4379 992 4452 287,
1005 4381 1069 4450 464;
1084 4380 1185 4454 Epist.
1206 4383 1330 4451 Mutae,
1348 4385 1387 4456 ΙΙ,

153 4467 216 4540 583;
231 4471 415 4542 Focaneus,
429 4470 554 4535 Chron„
570 4470 608 4541 11,
622 4471 685 4538 2823
700 4471 938 4538 Rurrrnunnno,
952 4470 1093 4526 Historia
1104 4472 1339 4546 SocietatisJesu
1349 4476 1391 4528 ad

152 4561 293 4616 Rhenum
307 4559 505 4632 inferiorem,
517 4559 539 4630 1,
556 4556 601 4629 35.

205 4649 217 4682 ³
254 4651 300 4704 De
313 4648 489 4720 cognomine
503 4648 590 4719 hujus
604 4647 661 4704 viri
675 4648 748 4704 nihil
761 4655 892 4705 constat.
907 4649 1054 4721 Hausuu,
1065 4666 1113 4722 op.
1127 4649 1191 4718 cit„
1205 4668 1272 4722 pag.
1290 4653 1348 4721 178.

209 4743 219 4774 ⁸
257 4737 388 4796 Arnoldo
401 4739 507 4810 Hezio‚
521 4737 664 4794 Coloniae
682 4737 822 4808 degente.
