3620 5428
627 520 732 575 Enrsr.
755 519 888 590 1178.—9
907 519 983 585 Man
1005 531 1073 590 1550
1392 517 1429 589 39

222 673 326 743 idern
342 673 416 761 ipse
431 675 511 741 ΚΡ
523 677 636 763 JesuS,
654 674 813 742 dominus
828 685 863 742 et
878 677 975 742 Deus
988 685 1115 755 noster,
1130 672 1240 742 simile
1255 673 1463 742 desiderium

225 790 331 857 cordi
347 789 527 856 cardinalis
538 788 685 858 Guisani
701 788 830 878 (optimi
846 811 928 856 sane
944 800 979 858 et
996 811 1076 856 vere
1092 788 1269 857 christiani
1284 788 1462 876 praesulis)

225 905 372 973 videtur
387 903 597 992 impressisse
613 906 639 970 ³.
658 904 729 990 Qui
746 905 896 990 quidem,
916 927 994 971 cum
1014 907 1111 972 Rmo.
1129 903 1293 972 cardinali
1315 907 1429 974 Maleo
1450 905 1462 938 ⁴

227 1021 279 1089 de
298 1021 402 1090 rebus
417 1029 554 1088 nostrae
568 1019 751 1089 Societatis
766 1021 956 1101 conserens,
972 1037 1009 1086 vt
1021 1029 1074 1088 est
1086 1021 1129 1088 ad
1141 1019 1301 1108 pietatem
1317 1043 1463 1107 propen-

227 1158 308 1216 sus,
322 1138 461 1203 domum
474 1145 624 1203 nostram
640 1135 734 1202 venit
746 1158 825 1202 curn
838 1137 973 1202 duobus
985 1135 1060 1202 aliis
1072 1135 1313 1216 cardinalibus
1329 1147 1363 1204 et
1376 1159 1395 1202 a
1407 1157 1463 1203 me

228 1252 418 1338 diligenter
433 1252 476 1318 de
491 1251 648 1338 ii3‚.quae
660 1253 704 1318 ad
716 1251 910 1318 institutum
924 1264 1079 1318 nostrum
1092 1251 1278 1338 pertinent,
1292 1251 1463 1338 intellige·

230 1390 271 1434 re
287 1368 408 1450 voluit;
425 1380 555 1434 etcum
577 1366 609 1436 ei
629 1367 744 1434 omnia
765 1366 962 1436 viderentur
987 1389 1058 1433 non
1075 1367 1292 1436 mediocriter
1313 1368 1461 1454 probari,

233 1485 373 1552 tandem
390 1504 488 1549 suam
504 1504 641 1570 operam
658 1504 879 1569 magnacum
895 1459 1064 1552 charitate
1080 1481 1180 1550 nobis
1196 1482 1321 1550 obtulit
1342 1483 1385 1549 ad
1409 1507 1464 1552 res

232 1610 369 1666 nostras
379 1600 472 1685 apud
485 1597 757 1664 christianissimi
771 1597 863 1684 regis
876 1598 1088 1666 maiestatem
1103 1597 1284 1682 iuuandas,
1294 1609 1329 1665 et
1343 1599 1385 1664 ad
1398 1599 1464 1666 alia

233 1713 361 1796 omnia,
376 1736 464 1800 quae
476 1713 513 1778 in
526 1715 678 1781 fauorem
691 1707 875 1782 Societatis
887 1725 1026 1780 nostrae
1038 1715 1081 1780 ad
1093 1713 1158 1782 Dei
1171 1713 1315 1800 gloriam
1332 1725 1461 1799 posset,

232 1831 429 1918 prestanda.
448 1830 544 1898 Dixit
559 1828 662 1896 etiarn
679 1831 777 1897 Rmo.
792 1828 955 1896 cardinali
972 1830 1085 1896 Maleo
1098 1851 1173 1898 sese
1190 1830 1277 1898 velle
1292 1829 1328 1896 in
1341 1827 1463 1897 Galliis

232 1946 484 2033 protectionem
501 1945 676 2030 suscipere
690 1945 883 2024 Societatis‚
902 1959 937 2011 et
952 1944 1017 2010 alia
1035 1945 1154 2026 multa3
1177 1965 1265 2030 quae
1283 1947 1324 2011 T.
1349 1947 1395 2014 D.
1419 1946 1460 2014 R.

231 2063 347 2141 retuli,
369 2061 448 2147 quia
469 2071 521 2130 sat
542 2060 613 2127 scio
635 2061 739 2146 quod,
762 2071 800 2126 vt
821 2070 928 2146 pater,
946 2071 981 2126 et
998 2070 1034 2125 vt
1051 2081 1112 2147 par
1126 2072 1191 2142 est,
1210 2079 1288 2126 cum
1308 2060 1385 2148 [eo],
1404 2060 1463 2145 qui

232 2189 294 2246 tan
310 2178 444 2246 sincere
466 2177 531 2244 Dei
554 2175 698 2262 gloriam
720 2187 755 2242 et
778 2177 922 2243 salutern
944 2175 1015 2241 sitit
1037 2175 1239 2256 animarum,
1257 2175 1292 2241 in
1313 2176 1462 2243 Domino

232 2293 415 2382 gaudebis;
433 2293 502 2359 imo
517 2305 552 2361 et
568 2313 669 2378 spero
686 2293 778 2376 quod
794 2291 895 2359 simul
910 2313 989 2358 cum
1007 2291 1136 2377 optimo
1157 2292 1214 2357 illo
1229 2293 1387 2378 praesule
1408 2315 1464 2358 res

233 2421 370 2476 nostras
387 2411 487 2494 (quae
503 2419 562 2475 tua
578 2407 688 2494 pietas
704 2409 780 2494 est),
798 2417 835 2472 vt
852 2407 1010 2493 expedire
1026 2409 1069 2473 ad
1085 2407 1150 2476 Dei
1169 2411 1332 2474 honorem
1348 2417 1383 2474 et
1405 2429 1463 2474 ec-

233 2525 340 2592 clesie
356 2525 534 2592 vtilitatem
551 2523 730 2603 iudicabis
749 2543 951 2616 promouere
967 2521 1133 2592 studebis.

301 2642 376 2707 Nos
390 2639 539 2720 interim,
559 2651 595 2706 vt
616 2639 781 2725 cepimus
806 2649 841 2704 et
865 2651 901 2704 vt
925 2639 1013 2705 filios
1036 2638 1265 2706 deditissimos
1288 2639 1400 2718 decet,
1427 2639 1463 2704 in

231 2755 409 2822 sacrificiis
432 2769 467 2824 et
491 2753 703 2821 orationibus
728 2755 853 2821 nostris
870 2776 936 2820 non
953 2753 1169 2822 dessinernus
1186 2756 1298 2824 Deum
1316 2755 1461 2840 precari,

232 2881 271 2936 vt
287 2872 330 2937 D.
351 2872 392 2937 Τ.
411 2873 452 2938 R.
470 2869 506 2936 in
522 2869 682 2937 omnibus
698 2847 797 2937 donis
812 2870 883 2938 suis
899 2881 1102 2955 promouent
1117 2872 1161 2937 ad
1177 2872 1340 2937 honorem
1362 2891 1463 2936 suum

232 2987 420 3052 maximum
436 2995 472 3053 et
485 2984 706 3072 plurimorum
724 2987 868 3052 salutem
881 2985 1104 3072 spiritualem.

300 3103 443 3188 Impleat
459 3123 524 3168 nos
540 3123 659 3170 omnes
676 3099 876 3186 cognitione
890 3101 1075 3168 voluntatis
1091 3122 1175 3167 suae
1187 3099 1354 3187 sapientia
1370 3111 1463 3168 eter-

231 3239 289 3298 na,
307 3228 343 3284 et
358 3219 402 3283 ad
417 3203 493 3284 eam
509 3217 660 3302 perfecte
677 3216 870 3285 obeundam
886 3216 978 3283 vires
995 3216 1134 3286 tribuat.
1154 3218 1278 3284 Arnen.

299 3333 428 3400 Romae
444 3329 496 3414 7.⁰
513 3330 590 3398 idus
607 3331 688 3398 Maii
709 3347 806 3416 1550.

297 3450 329 3514 A
353 3455 461 3534 tergo,
485 3447 557 3512 aliu
581 3467 700 3512 manu.
729 3446 838 3532 Copia
861 3445 1052 3516 litterarum
1080 3469 1142 3533 pro
1162 3447 1323 3534 episeopo
1347 3449 1458 3515 clara-

229 3562 414 3630 montensi.

284 3725 295 3756 ⁵
335 3722 411 3779 Vide
424 3720 579 3794 epistolam
594 3721 789 3794 superiorem.

283 3815 296 3847 ⁴
332 3809 512 3868 Bernardino
526 3809 656 3883 Mattejo,
671 3810 751 3881 Julio
764 3811 806 3865 111
820 3829 836 3866 a
850 3811 986 3866 secretis.
