3486 5420
633 478 736 534 luosx
755 489 930 534 lucrosus
1308 475 1362 562 743

163 627 315 700 Epistulae
329 628 450 697 Minae,
464 647 502 686 es
516 629 605 686 variis
618 631 752 704 Europae
765 629 847 702 locis,
869 631 909 685 ab
920 647 998 686 anno
1019 627 1087 699 1537
1105 628 1142 685 ad
1164 630 1233 699 1556
1252 629 1390 702 scriptae,

216 735 296 774 nunc
306 717 433 791 primunr
445 737 463 774 a
475 719 614 776 Patribus
627 719 784 776 Societatis
795 720 868 790 Jesu
879 719 910 775 in
920 721 1016 776 lucem
1027 718 1137 778 editae.
1148 718 1232 780 Tom.
1243 719 1307 779 1-v.
1319 721 1397 790 (llo-

217 819 370 864 nuusura
385 819 555 864 visrotuca
569 808 602 864 S.
624 809 667 880 J.)
680 807 802 879 Matriti,
820 807 984 878 1898·1901.

161 895 256 950 —PP.
273 895 422 952 Paschasii
436 895 547 967 Broeti,
557 895 675 952 Claudii
688 897 758 969 Jaji,
769 897 891 968 Joannis
904 895 1026 954 Codurii
1040 904 1070 952 et
1092 895 1221 952 Simonis
1235 896 1396 968 Rodericii,

186 985 190 992 '
216 983 375 1040 Societatis
390 986 473 1058 Jesu,
488 1003 526 1042 ex
544 987 734 1059 autographis
757 989 803 1042 vei
827 985 1020 1057 originalibus
1043 985 1188 1058 exemplis
1210 986 1397 1059 potissimum

217 1074 422 1150 depromptae.
440 1077 661 1146 (Movuusura
678 1088 850 1132 ursaovics
863 1076 948 1147 S.J.)
961 1075 1085 1145 Mariti,
1103 1073 1181 1146 1903.

159 1165 279 1237 Espaiia
291 1165 433 1238 Sagrada.
447 1165 633 1223 Continuada
643 1182 695 1240 por
705 1168 732 1224 la
746 1167 818 1222 Real
828 1165 989 1223 Academia
998 1165 1036 1222 de
1047 1167 1075 1222 la
1083 1165 1227 1225 Historia.
1239 1165 1334 1232 Turno
1346 1167 1394 1224 LI.

213 1254 342 1310 Tratado
355 1255 514 1316 LXXXIX.
529 1257 575 1311 De
588 1257 633 1312 los
645 1255 766 1329 obispos
776 1258 932 1327 espailoles
943 1255 1077 1312 titulares
1090 1254 1128 1310 de
1141 1253 1263 1328 iglesias
1276 1255 1310 1311 s'n
1319 1263 1395 1330 par·
1460 1331 1461 1334 Ἴ

213 1343 293 1399 tibus
305 1343 489 1416 infidelium,
501 1347 519 1400 ό
529 1345 686 1402 auxiliares
697 1361 736 1400 en
746 1346 789 1400 las
799 1343 837 1400 de
848 1345 978 1416 Espaba.
993 1344 1075 1400 Obra
1086 1347 1222 1417 pbstuma
1232 1343 1281 1402 del
1292 1345 1395 1402 doctor

212 1431 271 1488 don'
286 1431 388 1488 Curios
401 1435 515 1490 Ramon
529 1435 645 1505 Pori...,
660 1433 871 1506 coordinaday
891 1432 1067 1490 aumentada
1087 1449 1139 1504 por
1160 1434 1198 1490 D.
1218 1431 1345 1490 Vicente
1358 1435 1396 1492 de

213 1524 239 1577 la
253 1523 378 1581 Fuente.
394 1521 519 1594 Madrid,
536 1521 616 1594 1879.

156 1611 356 1666 Faauaunuz
379 1623 422 1666 os
440 1611 693 1678 Barasucouar,
709 1611 895 1670 Franciseus.
933 1611 1065 1667 Historia
1086 1609 1280 1682 genealogica
1301 1630 1322 1684 y
1344 1615 1395 1668 he·

211 1699 322 1756 raldica
343 1699 380 1754 de
402 1702 430 1755 la
452 1701 623 1774 Monarquia
644 1702 796 1772 espaiiola,
816 1700 891 1756 Casa
914 1701 986 1756 Real
1009 1717 1029 1773 y
1047 1699 1184 1756 Grandes
1206 1700 1244 1756 de
1265 1701 1392 1772 Espaiia.

211 1788 297 1844 Tom.
309 1789 373 1848 1·V.
388 1789 514 1862 Madrid,
530 1789 698 1860 18974904·

155 1879 868 1938 Fsanamus·Bannovallum-Manat.·Lesicon
880 1878 1122 1952 geographiam,
1136 1877 1166 1935 in
1183 1896 1242 1952 qvo
1260 1879 1394 1936 vniversi

209 1967 290 2022 orbis
309 1969 407 2038 vrbes,
426 1966 633 2028 Provinciae...
651 1977 855 2026 recensentur.
872 1967 949 2024 Illvd
966 1967 1092 2040 primvm
1110 1968 1140 2024 in
1152 1968 1249 2024 lvcem
1263 1967 1391 2028 edidit...

209 2055 362 2130 Philippvs
375 2055 526 2112 Ferrarius
540 2055 767 2128 Alexandrinus,
786 2050 947 2112 Servorum
965 2057 1001 2115 D.
1022 2056 1131 2113 Mariae
1150 2055 1283 2128 Virginis
1299 2043 1393 2114 totius

208 2143 320 2200 Coetus
332 2161 488 2216 supremus
501 2143 637 2202 Presul...
653 2143 739 2200 Nunc
751 2144 877 2200 Michael
891 2143 1039 2201 Antonius
1050 2142 1215 2216 Bavdrand,
1228 2143 1389 2214 Parisinus,

208 2231 290 2287 Prior
304 2231 579 2289 commendatarius
591 2231 629 2288 de
642 2231 843 2292 Roboribus...
858 2234 934 2288 hanc
949 2231 1115 2288 Editionem
1128 2232 1308 2300 emendavit,
1328 2233 1394 2289 illu·

206 2321 323 2392 stravit,
334 2329 366 2377 et
374 2320 495 2378 dimidia
506 2331 588 2394 parte
597 2321 759 2379 auctiorem
769 2321 850 2378 iecit.
866 2322 1003 2378 Accessit
1013 2321 1155 2378 biantissa
1168 2321 1392 2380 Correctionum

207 2409 356 2466 Dominici
369 2409 462 2481 Magri
476 2409 569 2470 Melit.
583 2409 728 2483 Theologi
741 2410 925 2468 Cathedralis
939 2410 1079 2471 Viterb...
1094 2421 1172 2466 nunc
1185 2409 1313 2482 primum
1331 2410 1392 2467 edi·

207 2507 247 2556 ta.
262 2498 389 2572 Patavii,
403 2499 609 2557 MDCLXXV.

151 2589 305 2657 Fontis,
319 2589 460 2646 Ubertus.
473 2589 606 2646 -Vberti
619 2590 759 2658 Folietae,
775 2589 890 2662 patricii
902 2589 1074 2661 genvensis,
1089 2590 1234 2646 clarotvm
1249 2589 1392 2656 Ligvrvm
1462 2609 1467 2624 ι

205 2679 314 2749 elogia.
338 2679 382 2750 (in
404 2696 494 2752 opere
516 2679 639 2750 Joannis
661 2678 784 2751 Georgii
804 2678 926 2736 Graevii
945 2680 1113 2736 Thesavrvs
1132 2678 1342 2752 autiqvitatvm
1361 2687 1392 2734 et

205 2767 391 2824 historiarvm
404 2767 515 2839 ltaliae,
531 2767 681 2840 Neapolis,
696 2766 849 2826 Siciliae...
862 2769 888 2824 T
889 2769 949 2824 omi
962 2767 1047 2841 primi
1058 2785 1124 2840 pars
1135 2766 1302 2841 posterior.)
1316 2768 1392 2840 ng·

205 2854 277 2911 dvni
290 2857 479 2926 Batavorvm,
493 2855 699 2913 MDCCXXV.

152 2943 251 3016 Fovtr,
264 2943 400 3016 Carolus,
412 2963 443 3002 v.
457 2945 573 3027 Espaba
584 2944 725 3016 Sagrada.

151 3033 314 3105 Famem,
328 3033 488 3102 Antonius,
501 3034 533 3093 S.
547 3033 759 3107 J.-Synopsis
777 3033 937 3091 Annalium
955 3033 1114 3091 Societatis
1135 3035 1208 3105 jesu
1226 3033 1257 3090 in
1276 3034 1390 3092 Lusita·
1466 3053 1471 3064 ·

203 3121 252 3178 nia
264 3123 303 3178 ab
315 3140 392 3179 anno
407 3135 489 3192 1540,
503 3139 596 3196 usque
609 3122 646 3179 sd
659 3123 778 3179 Annum
795 3136 873 3194 1725.
889 3125 1022 3180 Authore
1035 3124 1071 3182 R.
1086 3123 1120 3178 P.
1132 3123 1264 3180 Antonio
1275 3123 1387 3180 Franco

202 3211 361 3268 Societatis
374 3211 509 3283 ejusdem
522 3212 692 3272 Sacerdote.
708 3213 1095 3284 Augustae-vindelicorum
1110 3220 1141 3268 et
1154 3211 1283 3269 Graecii.
1301 3213 1390 3270 Anno
1422 3214 1425 3222 '

204 3298 440 3358 moccxxvl.

149 3389 293 3461 Fusttra,
308 3389 435 3446 Vicente
447 3389 485 3446 de
499 3391 536 3461 la,
553 3407 582 3446 v.
597 3390 713 3463 Espaba
726 3389 866 3462 Sagrada.

149 3477 252 3545 Gaas,
266 3477 337 3534 Pius
349 3465 529 3546 Boniiacius‚
543 3476 581 3537 Ο.
595 3479 627 3534 S.
647 3479 858 3538 Bon-Series
877 3479 1081 3552 episcoporum
1100 3477 1244 3534 ecclesiae
1264 3479 1388 3535 catholi-

200 3583 264 3639 cae,
278 3575 423 3641 quotquot
435 3567 638 3638 innotuerunt,
648 3585 665 3624 a
675 3571 770 3625 Beato
782 3569 868 3626 Petro
880 3570 1033 3642 Apostolo.
1047 3570 1072 3624 Α
1085 3567 1185 3625 multis
1195 3567 1313 3640 adjutus
1324 3567 1385 3624 edi·

200 3655 244 3711 dit
260 3655 291 3710 P.
306 3655 376 3713 Pius
389 3655 559 3714 Bouiiacius
573 3655 674 3726 Gama,
690 3657 727 3716 Ο.
742 3657 774 3714 8.
789 3659 823 3714 B.
839 3657 1029 3722 Ratisbonae.
1046 3654 1125 3727 1873.

146 3745 365 3814 Gtusrtrvtartt,
384 3745 518 3803 Michaet.
536 3746 695 3804 ‚Historia
709 3747 847 3820 ampliata
865 3747 896 3802 di
914 3746 1022 3803 Tivoli.
1043 3745 1152 3802 Scritta
1170 3745 1217 3802 dal
1241 3745 1385 3802 canonico

201 3835 366 3892 Francesco
388 3834 499 3906 Martii,
522 3835 639 3903 nobile,
663 3853 681 3892 e
699 3836 922 3908 givrecousvlto
943 3836 1096 3892 tibvrtino.
1120 3835 1184 3892 Con
1206 3837 1271 3892 Due
1292 3836 1384 3893 Libri.

200 3923 259 3980 De'
278 3924 400 3980 vescovi
417 3942 434 3980 e
453 3923 501 3979 de'
518 3924 706 3995 governatori
726 3924 756 3980 di
776 3925 885 3983 Tivoli.
907 3925 1008 3982 Scritti
1027 3925 1097 3982 dall'
1117 3924 1317 3981 illvstrissimo
1335 3926 1385 3980 ab·

200 4014 270 4068 bate
284 4014 409 4070 Michele
422 4012 614 4083 Givstiniani‚
633 4014 751 4086 patritio
768 4030 921 4086 genovese
939 4013 988 4070 de'
1006 4014 1116 4088 signori
1132 4013 1163 4070 di
1176 4013 1255 4070 Scio.
1276 4013 1380 4085 Roma,

202 4102 404 4160 M.DC.LXV.

145 4193 324 4250 Gortzatsz
338 4191 472 4264 Davus,
492 4191 795 4264 degimus-Teano
813 4193 1004 4250 Eclesiastico
1021 4191 1059 4249 de
1076 4194 1119 4249 las
1136 4193 1259 4264 lglesias
1279 4194 1383 4248 Metro·

199 4281 356 4356 politanas3
372 4297 393 4353 y
408 4267 580 4338 Catedrales
598 4280 635 4338 de
649 4285 693 4339 los
706 4283 827 4355 Reyuos
839 4281 877 4338 de
890 4285 933 4338 las
946 4283 999 4338 dos
1013 4281 1161 4348 Castillas,
1177 4281 1267 4337 Vidas
1281 4281 1319 4335 de
1332 4298 1384 4338 svs

201 4370 381 4442 Arzobispos
393 4387 414 4441 y
425 4367 555 4443 Obispos
567 4389 588 4444 y
601 4388 686 4428 cosas
700 4374 894 4428 memorables
906 4371 944 4426 de
957 4389 1008 4426 sus
1025 4371 1131 4430 Sedes.
1151 4373 1187 4426 Al
1208 4387 1277 4441 mvy
1296 4370 1383 4426 Cato·

200 4459 292 4518 lico...
304 4461 371 4516 Don
381 4459 475 4532 Filipe
486 4461 634 4532 Quarto...
644 4461 812 4517 dedicasele
823 4478 858 4517 sv
867 4459 1023 4517 Coronista
1035 4461 1137 4534 Mayor
1145 4461 1183 4516 de
1193 4461 1237 4516 las
1248 4459 1380 4521 indias...

201 4551 228 4605 el
250 4551 379 4608 Maestro
401 4550 451 4608 Gil
474 4551 623 4622 Gonpalez
647 4551 762 4607 Davila.
785 4552 871 4611 Tom.
894 4551 981 4608 1·111.
1003 4551 1125 4622 Madrid,
1150 4547 1382 4621 M.DC.XL.V,

199 4639 443 4712 M.DC.XL.VII,
459 4640 601 4697 M.DC.L.
616 4641 699 4701 Tom.
715 4641 767 4697 tv.
781 4640 964 4710 salamanca,
979 4639 1197 4701 M.DC.XV111.
1212 4639 1290 4712 [aial
