904 1356
272 92 298 106 13⁰
461 92 566 106 Memmium-A
576 91 665 106 laun-mm

254 136 282 147 mo
291 131 342 148 Patre
350 130 367 147 in
376 130 445 147 Christo
452 135 473 147 ac
480 129 555 150 domino,
565 129 630 146 foelicis
638 129 766 149 recordationis,
775 130 828 146 Paulo
834 130 866 151 3.⁰,

253 162 273 176 ut
281 159 302 176 ad
310 159 410 181 petitionem
417 158 511 179 Guillelmi,
520 158 606 180 gloriosae
614 158 711 179 memoriae,
721 158 769 175 Illmi.
779 158 828 175 ducis
834 156 867 175 Bi>

253 188 317 209 uariae,
328 194 361 205 una
369 193 408 205 curn
417 188 487 205 doctore
494 188 545 204 Petro
551 187 627 208 Canisio,
634 192 691 204 sacras
697 187 762 205 litteras
769 187 867 209 ingolstadii

253 217 363 239 profitereris.
377 216 451 234 Noueris
463 216 515 239 igitur
527 217 595 233 Rmum.
608 216 707 238 episcopum
718 221 830 234 veronensem
844 216 867 233 tui

254 246 331 263 absentia
344 247 454 263 uehementer
461 249 557 267 permotum
568 245 627 266 fuisse,
639 245 689 262 sicuti
700 245 752 262 etiam
764 245 825 262 litteris
833 245 868 262 suis

254 276 276 292 ad
284 281 315 292 nos
323 275 367 292 datis
376 278 435 297 aperte
443 275 544 291 testificatus
552 277 579 291 est
587 274 599 291 '.
607 275 666 296 Quare
672 275 757 292 hactenus
763 280 798 291 non
804 274 867 291 destitit

254 304 338 321 instanter
348 309 400 325 agere
410 304 456 325 apud
467 303 594 320 sanctissimum
602 303 620 320 in
628 303 698 320 Christo
709 304 778 320 Patrem
786 308 806 320 ac
813 303 866 320 domi-

255 338 296 350 num
302 333 366 355 Julium
376 335 412 354 3.⁸²¹¹¹
420 333 475 349 donec
483 332 505 349 ab
513 337 534 349 eo
542 332 659 354 impetrauerit
668 335 687 348 ut
693 335 712 349 tu
718 337 740 349 eo
747 332 817 353 redires,
824 332 868 348 unde

254 365 338 379 euocatus
346 362 409 379 fueras.
418 362 463 378 Cum
470 364 528 378 autem
534 361 596 378 summi
602 361 688 383 pontificis
694 361 780 378 uoluntati
785 364 815 378 aut
821 367 867 383 prae-

255 391 309 412 ceptis
317 391 397 407 reluctari
405 390 442 408 iure
450 393 482 407 nec
490 390 575 412 possimus
581 395 613 407 nee
618 390 712 407 debeamus
719 391 823 412 (quanquam
829 390 868 407 alias

255 420 304 436 nobis
313 422 342 436 tua
353 419 454 441 ingolstadii
465 419 531 436 mansio
543 419 598 441 magis
609 419 722 440 probaretur),
736 419 767 436 tibi
778 425 810 441 per
822 425 867 441 prae-

255 453 313 466 sentes
327 448 393 466 litteras
406 448 531 470 significamus,
542 451 559 465 et
573 448 591 465 in
603 448 668 465 uirtute
681 451 751 465 sanctae
762 448 867 466 obedientiae

255 477 375 499 praecipimus,
385 480 404 494 ut
412 477 537 499 quamprimum
546 481 563 494 et
571 480 612 494 ante
620 478 698 499 hyemem
707 477 817 499 ingruentem
827 480 844 495 te
851 477 867 494 in

255 507 320 524 Italiam
329 507 421 524 transferre
429 506 470 523 sine*
475 506 509 523 ulla
517 512 564 523 mora
572 510 602 523 aut
610 506 720 523 cunctatione
728 506 778 524 uelis.

289 536 315 553 Ne
324 538 381 552 autem
389 535 438 552 lumi.
448 535 530 557 principis
538 535 605 552 Alberti
613 535 680 552 animus
688 536 722 552 hac
728 535 753 552 tui
760 535 868 553 reuocatione

256 565 284 582 uel
298 564 387 581 minimum
401 564 464 581 offendi
478 564 543 584 ualeat,
558 564 575 581 in
589 564 639 581 cuius
652 564 708 586 gratia
721 567 739 581 et
750 564 867 581 beneuolentia

255 593 367 615 promerenda
379 598 447 610 omnem
460 596 535 609 nostram
544 598 613 614 operam
623 596 640 610 et
650 593 726 610 studium
739 599 804 615 ponere
815 593 868 615 parati

256 627 322 642 sumus,
332 627 376 639 neue
382 622 493 639 celeberrima
500 622 587 639 academia
594 621 734 643 ingolstadiensis
739 622 833 644 quidquam
841 623 867 639 de·

256 651 331 668 trimenti
340 651 357 667 in
366 651 427 667 studiis
439 651 542 672 theologicis
553 651 588 672 pati
601 651 660 672 possit,
672 651 693 668 de
705 656 739 673 qua
751 654 798 669 certe
810 657 867 673 quam-

256 680 347 702 plurimum
358 680 403 697 bene
413 680 473 697 mereri
484 683 501 697 et
511 680 590 702 cupimus
600 683 618 697 et
625 680 721 700 studemus,
730 680 748 697 in
756 681 813 697 locum
822 684 867 697 tuum

256 709 362 726 destinamus
370 709 457 725 doctorem
464 709 554 725 Nicolaum
560 709 582 726 de
588 709 679 729 Gaudano,
687 709 757 726 natione
762 714 867 731 germanum,

255 738 319 758 uirum,
328 743 367 760 eum
376 743 442 754 morum
450 737 520 759 pietate,
529 741 565 754 tum
574 737 657 759 singulari
666 738 773 760 theologicae
779 738 867 760 professio-

256 767 283 784 nis
293 767 370 784 doctrina
384 769 505 788 praestantem,
517 767 539 784 de
545 772 581 788 quo
591 767 683 788 plurimum
691 767 724 784 sibi
736 767 811 789 polliceri
823 770 867 789 pote-

256 799 296 812 runt
308 801 395 812 sacrarum
407 795 501 812 litterarum
513 795 591 812 studiosi*
604 796 657 812 Hunc
668 799 725 813 autem
736 801 771 813 non
782 796 805 813 ita
815 796 844 813 diu
851 796 866 812 in

257 825 284 841 uia
298 827 419 841 cunctaturum
431 824 539 844 arbitramur,
554 825 595 846 quin
606 825 627 841 ad
640 830 726 842 summum
737 825 780 842 infra
794 830 867 842 mensem

256 854 362 875 Septembris
376 853 499 875 lngolstadium
513 853 535 870 sit
546 857 668 875 peruenturus.
683 854 758 871 Proinde
771 859 811 871 curn
825 855 873 871 hanc.

255 882 317 899 summi
326 882 413 904 pontificis
421 883 527 899 uoluntatem
535 888 573 899 esse
581 883 673 905 intelligas,
683 886 702 899 ut
710 886 729 899 tu
738 884 773 900 hue
779 883 845 904 redeas,
851 887 867 899 et

256 917 293 932 nos,
301 912 318 928 in
325 917 435 928 communem
442 911 544 933 magnificae
550 912 689 933 ingolstadiensis
695 913 766 929 scholae
773 912 865 931 utilitatem,

254 941 327 958 alterum
338 941 377 957 loeo
388 940 413 957 tui
424 941 544 962 subrogemus,
557 946 592 957 non
606 944 687 963 putamus
698 941 772 962 aliquem
785 942 827 962 sore,
840 940 866 963 qui

255 973 285 986 aut
295 973 373 986 nostrum
384 969 458 986 officium
469 969 486 986 in
496 970 528 986 hac
537 972 585 991 parte
596 970 657 987 merito
668 970 771 990 desiderare,
780 973 811 987 aut
822 973 865 987 tuam

254 999 271 1015 in
280 998 345 1015 ltaliam
356 998 484 1015 translationem
493 998 537 1015 iuste
548 999 618 1020 culpare
630 999 691 1019 ualeat;
703 999 740 1019 sed,
753 1003 771 1016 ut
779 999 865 1020 quisquam

253 1027 286 1044 erit
294 1027 383 1049 prudentis
390 1030 408 1044 et
418 1027 486 1044 candidi
494 1027 574 1049 pectoris,
583 1027 607 1044 ita
615 1033 654 1044 eum
663 1028 714 1049 aequi
722 1033 742 1045 ae
750 1028 792 1045 boni
799 1027 865 1045 consul-

254 1059 311 1073 turum
320 1062 358 1074 esse
366 1057 400 1073 hoc
408 1056 493 1078 pontificis
501 1056 571 1073 maximi
579 1057 678 1073 mandatum
687 1062 721 1073 non
730 1057 834 1074 dubitamus.

287 1086 330 1102 Vale
342 1086 359 1102 in
373 1086 453 1106 Domino,
467 1088 485 1103 et
499 1091 526 1103 me
540 1085 574 1102 tuis
588 1086 693 1107 fratrumque
707 1089 775 1103 tuorum
789 1086 865 1108 precibus

280 1149 285 1157 ¹
305 1148 343 1162 Vide
350 1148 427 1166 epistol-m
436 1148 618 1166 nio;etsuprn‚11,556.
