3486 5420
552 471 657 530 Ensr.
680 471 916 544 1852.—1Juun
936 483 1001 542 1551

727 629 819 710 1852

354 755 496 825 PATRI
520 758 683 828 SIMONI
708 760 964 828 RODERICIO
990 761 1049 826 ET
1077 756 1198 826 ALIIS

602 895 692 938 sous
714 896 725 938 r
746 895 827 950 Juun
848 895 915 954 1551
938 883 959 943 ¹.

272 997 469 1068 Dispensatio
480 999 564 1054 circa
571 998 698 1070 jejunia
711 1004 740 1055 et
746 999 886 1072 facultas
898 1001 1099 1074 dispensandi
1110 1017 1178 1055 cum
1192 999 1276 1055 aliis.

765 1123 782 1177 †

735 1181 811 1268 Jhs

220 1318 379 1405 Ignatius
395 1320 438 1386 de
454 1320 596 1405 Loyola,
615 1321 798 1393 Societatis
809 1324 895 1410 Jesu
911 1321 1128 1408 praepositus
1145 1319 1327 1408 generalis.

220 1433 435 1502 Charissimo
451 1435 486 1502 in
510 1436 575 1504 X.⁰
595 1437 692 1530 'fratri
714 1441 808 1526 Mag.
834 1436 978 1519 Simoni,
997 1435 1191 1524 praeposito
1214 1435 1250 1502 in
1271 1437 1390 1524 regnis

150 1545 390 1636 portugalliae
418 1551 600 1620 Societatis
632 1551 802 1634 eiusdem,
836 1553 982 1620 salutem
1009 1553 1044 1618 in
1076 1551 1227 1620 Domino
1260 1551 1389 1638 sempi-

149 1673 300 1733 ternam.

221 1782 343 1868 Nuper
359 1783 501 1885 SSmus.
520 1787 564 1851 D.
584 1785 628 1851 N.
648 1783 691 1852 D.
706 1784 832 1874 Julius,
847 1783 965 1850 diuina
982 1783 1198 1871 prouidentia
1213 1805 1302 1871 papa
1320 1796 1388 1852 ter-

150 1894 236 1977 tiuS,
258 1897 456 1968 facultatem
478 1900 575 1983 mihi,
597 1912 632 1968 et
658 1899 853 1988 praeposito
874 1899 1026 1988 generali
1047 1911 1184 1967 nostrae
1204 1899 1387 1968 Societatis

148 2032 215 2098 pro
239 2023 392 2100 tempore
412 2015 585 2098 existenti,
615 2037 676 2102 per
703 2038 778 2097 noe,
807 2017 864 2084 uel
891 2016 977 2082 alios
1000 2017 1044 2084 de
1067 2017 1187 2084 eadem
1213 2015 1386 2083 Societate
1487 2089 1490 2096 Ι

146 2129 393 2210 exercendam,
411 2129 644 2218 dispensandi,
662 2131 753 2199 circa
768 2131 894 2199 ieiunia
909 2142 944 2198 et
960 2130 1056 2198 cibos
1069 2133 1114 2197 ab
1125 2131 1270 2199 ecclesia
1282 2129 1387 2199 certis

149 2242 277 2312 diebus
293 2245 494 2332 prohibitoS,
513 2269 591 2314 cum
609 2248 662 2314 his
677 2247 749 2333 qui,
767 2249 832 2314 sub
849 2247 1044 2316 obedientia
1067 2259 1184 2314 nostra
1212 2245 1385 2327 uiuenteS,

149 2370 292 2446 propter
310 2361 464 2448 corporis
484 2363 728 2444 infirmitatem,
754 2363 1008 2449 dispensatione
1032 2363 1187 2450 indigere
1213 2362 1385 2430 uidebun-

150 2483 221 2554 tur,
241 2477 422 2544 concessit.
442 2480 514 2545 Nos
530 2478 638 2566 igitur
654 2489 767 2547 tecum
784 2481 828 2545 ob
852 2478 1020 2547 infirmam
1041 2478 1193 2564 corporis
1215 2477 1265 2544 tui
1288 2478 1384 2544 uale-

148 2590 319 2672 tudinem,
338 2613 418 2659 cum
434 2616 502 2680 qua
518 2607 632 2661 tamen
648 2595 782 2662 labores
798 2594 902 2662 officii
920 2594 970 2661 tui
983 2615 1127 2681 magnos
1139 2595 1228 2663 ferre
1241 2615 1384 2662 necesse

147 2707 272 2790 habes,
289 2708 537 2796 dispensamus.
560 2713 603 2778 Et
622 2710 762 2798 insuper
786 2712 830 2779 de
854 2723 913 2778 tua
937 2709 1131 2797 prudentia,
1158 2731 1246 2795 quae
1270 2720 1323 2777 est
1348 2709 1383 2776 in

147 2822 212 2890 X.⁰
224 2826 321 2913 Jesu,
339 2827 565 2907 confidentes
585 2838 621 2895 ut
637 2849 716 2894 cum
733 2827 795 2908 eiS,
814 2827 873 2912 qui
885 2848 989 2896 curae
1002 2837 1082 2894 tuae
1095 2825 1267 2894 commissi
1285 2838 1381 2906 sunt,

147 2948 184 3006 et
205 2939 428 3026 imposterum
452 2942 593 3022 fuerint,
616 2955 718 3028 prout
741 2941 776 3008 in
800 2942 949 3010 Domino
974 2941 1158 3022 uidebitur,
1185 2941 1384 3028 dispensare

147 3054 240 3124 circa
256 3054 383 3124 ieiunia
399 3069 435 3127 et
450 3059 558 3140 cibos
578 3071 615 3126 ut
631 3058 762 3126 dictum
783 3069 849 3140 est,
871 3058 993 3146 possis,
1017 3058 1079 3124 tibi
1101 3067 1251 3126 nostram
1273 3058 1384 3124 facul·

148 3181 255 3240 tatem
273 3173 500 3260 impartimur;
518 3196 767 3261 precamurque
783 3178 896 3244 Deum
913 3173 1128 3254 altissimum,
1145 3184 1181 3238 ut
1194 3195 1235 3240 ea
1248 3182 1380 3240 tantum

146 3289 190 3354 ad
207 3288 492 3372 aedificationem,
511 3301 546 3356 et
565 3303 601 3357 ut
617 3290 767 3358 Domino
783 3311 885 3375 quam
902 3288 1135 3376 gratissimum
1159 3289 1312 3354 loturum
1329 3299 1382 3358 est

146 3425 282 3492 semper
305 3405 423 3473 utaris.

212 3521 342 3587 Datum
360 3522 502 3604 Romae,
520 3521 554 3587 in
572 3521 716 3590 aedibus
737 3520 919 3590 Societatis
941 3531 1090 3598 nostrae,
1113 3519 1268 3588 kalendis
1284 3518 1379 3608 Junii

145 3657 239 3704 anno
256 3637 376 3704 salutis
397 3654 493 3722 1551.

216 3755 257 3820 ln
274 3756 450 3842 margine.
472 3759 551 3824 Pro.
577 3759 671 3842 Mag.
698 3755 853 3824 Simone.
878 3752 1099 3841 Dispensatio
1123 3751 1214 3818 circa
1237 3750 1376 3832 ieiunia,

141 3881 178 3940 et
196 3871 345 3940 facultas
361 3871 581 3958 dispensandi
598 3893 677 3938 cum
693 3869 781 3939 aliie.

211 4103 340 4174 Similis
356 4127 418 4191 pro
433 4105 573 4192 doctore
590 4097 768 4172 Anthonio
784 4106 828 4172 de
844 4099 971 4186 Araoz,
990 4103 1185 4192 praeposito
1201 4102 1237 4168 in
1254 4101 1378 4188 Hispa·

141 4220 201 4288 nia
217 4220 370 4289 eiusdem
386 4219 581 4290 Societatis

665 4343 862 4353 —-...—-—·

196 4437 205 4471 ¹
243 4437 287 4492 Ex
301 4437 482 4508 apographo,
496 4435 639 4492 incodlce
650 4435 770 4492 Deerat.
783 4440 812 4491 et
825 4437 928 4500 ἐκείνη
943 4435 995 4491 lol.
1014 4433 1080 4492 28v.
1097 4433 1168 4506 Ejus
1188 4433 1380 4488 summarium

139 4535 240 4582 exstat
253 4527 283 4583 in
295 4525 400 4582 codice
414 4527 533 4600 Regest.
550 4525 574 4593 I,
596 4525 647 4580 iol.
665 4524 742 4594 178r,
757 4541 836 4580 vers.
851 4536 884 4592 14
901 4533 933 4580 et
953 4537 996 4593 153
1016 4521 1090 4580 illud
1106 4523 1144 4578 ad
1161 4523 1273 4579 calcem
1292 4520 1380 4593 hujus

142 4617 326 4673 monumenti
348 4615 536 4682 exhibemus,
559 4615 628 4690 quia
651 4615 770 4672 nomina
791 4615 916 4670 aliorum
945 4614 1129 4686 superiorum
1157 4612 1267 4668 ibidem
1294 4629 1378 4684 repe·

140 4709 267 4768 riuntur.
