3486 5420
803 363 1010 418 Mouuusun
1029 362 1206 417 tonantius

959 561 1050 642 tuot

764 693 879 762 DUCI
903 691 1266 761 MONTISLEONIS'

838 840 926 883 noua
942 827 974 880 16
987 839 1056 894 11th
1072 839 1137 896 1551
1159 825 1179 882 ¹.

397 946 531 1010 Litteris,
544 946 602 1000 sibi
614 945 754 1008 redditis,
771 962 840 999 cum
856 943 1037 1017 gratiarum
1054 943 1279 1016 significatione
1297 937 1592 1013 respondet-Omit-

447 1039 513 1089 moi
525 1053 572 1100 eo,
586 1051 661 1106 quoe
674 1035 710 1088 tie
728 1033 885 1089 mittendis
903 1032 1062 1103 Neapolim
1081 1033 1170 1088 sociis
1184 1035 1272 1104 prius
1291 1027 1592 1103 scripserat-Variae

445 1125 595 1180 sociorum
609 1125 650 1179 od
663 1124 784 1181 diverso
798 1124 863 1178 loco
876 1122 1042 1182 missiones,

1000 1248 1017 1304 †

968 1305 1045 1391 Jhs.

463 1447 573 1515 Illmo.
593 1447 660 1511 mio
676 1445 797 1533 signor
812 1447 868 1513 nel
885 1447 920 1516 S.
938 1447 982 1513 N.
997 1448 1082 1534 Jesii
1097 1445 1163 1513 X.⁰

466 1564 513 1630 La
530 1583 663 1628 summa
679 1561 791 1647 gratia
806 1572 840 1628 et
856 1581 972 1627 amore
988 1573 1109 1629 eterno
1126 1564 1169 1629 de
1186 1562 1252 1630 X.⁰
1269 1565 1312 1629 N.
1333 1565 1370 1631 S.
1395 1563 1493 1629 saluti
1511 1573 1540 1630 et
1555 1560 1594 1624 vi-

398 1678 456 1746 siti
472 1679 516 1746 V.
537 1679 576 1744 E.
597 1697 663 1742 con
679 1677 755 1745 suoi
771 1675 956 1744 santissimi
972 1679 990 1710 ²
1004 1677 1088 1744 doni
1105 1688 1140 1746 et
1156 1678 1266 1766 gratie
1283 1677 1459 1764 spirituali.

469 1795 538 1860 Per
562 1793 585 1856 Γ
608 1792 726 1860 vltima
746 1792 780 1858 di
801 1793 845 1859 V.
873 1792 912 1858 E.
938 1795 984 1858 ho
1007 1791 1136 1860 intesso
1159 1815 1257 1862 come
1279 1797 1324 1860 ha
1346 1792 1595 1860 commineiatoa

400 1920 529 1977 metere
544 1907 578 1975 in
594 1906 810 1976 assecutione
826 1906 848 1973 ti
864 1907 1035 1988 desiderii,
1053 1912 1119 1978 che
1134 1907 1229 1975 lddio
1242 1911 1286 1976 N.
1302 1910 1338 1977 S.
1355 1909 1376 1974 li
1390 1912 1434 1975 ha
1445 1911 1517 1975 dato
1528 1907 1594 1972 della

401 2024 602 2092 fundatione
617 2025 673 2091 del
689 2023 834 2110 collegio
851 2024 894 2090 de
910 2037 1027 2090 nostra
1042 2025 1255 2110 Compagnia
1274 2026 1307 2090 iu
1325 2025 1459 2110 Napoli,
1477 2022 1596 2110 pigiian·

400 2142 445 2207 do
461 2141 494 2206 la
510 2160 588 2206 casa
604 2140 696 2208 doue
711 2161 858 2224 possano
879 2141 1174 2206 commodamente
1195 2150 1298 2222 stare,
1316 2152 1351 2206 et
1371 2143 1538 2208 attendere
1555 2137 1596 2201 alli

334 2329 338 2340 ,
403 2255 570 2325 essercitii
592 2253 813 2322 conuenienti
833 2254 937 2339 quelli
958 2254 987 2320 si
1007 2255 1227 2334 mandaram,
1250 2257 1287 2348 in
1307 2267 1403 2321 tanto
1423 2259 1487 2324 che
1504 2255 1528 2320 si
1541 2252 1595 2318 edi·

403 2372 468 2439 fica
484 2371 508 2436 il
524 2370 672 2458 collegio
688 2368 875 2438 materiale.
897 2368 958 2439 Sia
975 2369 1176 2456 ringratiata
1197 2371 1229 2437 la
1245 2369 1362 2436 diuina
1382 2373 1496 2449 bonta,
1511 2381 1540 2437 et
1552 2370 1597 2434 de·

402 2485 511 2574 gnissi
528 2486 698 2552 condurre
714 2485 746 2552 al
763 2506 827 2551 suo
848 2484 1077 2572 compimento
1098 2497 1133 2553 et
1154 2486 1222 2553 fine
1243 2487 1266 2551 Γ
1289 2509 1393 2572 opera
1415 2483 1597 2560 cominciata,

337 2587 341 2595 ⁶
404 2614 439 2672 ot
463 2603 568 2669 molto
589 2599 729 2668 seruirsi
749 2601 783 2667 di
804 2602 917 2686 quella
933 2623 992 2687 per
1008 2602 1030 2667 Γ
1049 2605 1160 2669 honor
1176 2615 1211 2670 et
1226 2601 1336 2688 gloria
1352 2625 1415 2670 sua
1431 2615 1465 2671 et
1484 2599 1597 2688 aggiuto

401 2719 489 2786 delle
505 2717 629 2798 anime3
649 2716 671 2781 il
688 2717 755 2782 che
771 2717 804 2782 io
820 2739 920 2802 spero
936 2718 1020 2797 iata,
1039 2718 1200 2784 hauendo
1222 2720 1300 2786 data
1323 2717 1507 2786 intentione
1525 2723 1598 2781 tanto

371 2875 375 2882 ·
401 2856 486 2921 pura
502 2832 536 2900 di
553 2842 675 2918 questo
692 2833 759 2900 fine
775 2853 795 2898 a
812 2831 904 2912 tutti,
924 2832 966 2899 de
982 2854 1050 2899 vna
1067 2833 1179 2900 banda
1194 2844 1229 2900 et
1244 2834 1342 2914 altra,
1361 2855 1458 2902 come
1469 2856 1502 2900 sa
1513 2833 1596 2897 lasua

404 2948 570 3035 sapientia
587 2946 727 3014 infinita.

469 3067 535 3132 Del
552 3064 704 3130 mandar⁷
722 3065 754 3130 al
770 3066 873 3131 Mtro.
888 3064 1066 3132 Salmeron
1080 3087 1101 3131 o
1114 3066 1147 3130 al
1159 3067 1261 3134 Mtr0.
1277 3066 1415 3151 Laynez
1427 3086 1489 3130 eon
1502 3061 1520 3128 li
1530 3057 1599 3137 altri,

402 3179 432 3246 si
450 3181 521 3246 sara
538 3201 604 3246 eon
620 3177 643 3243 Γ
659 3177 805 3265 aggiuto
820 3177 950 3258 diuino,
969 3200 1006 3246 se
1022 3180 1045 3245 il
1060 3179 1206 3248 coneilio
1222 3203 1291 3247 non
1308 3179 1330 3246 Γ
1343 3179 1528 3266 impedisce;
1542 3195 1598 3262 per·

404 3291 470 3362 cht
493 3296 531 3364 S.
555 3297 592 3363 S.
612 3306 707 3360 motu
731 3293 869 3380 proprio
891 3295 915 3359 Γ
938 3297 982 3362 ha
1002 3294 1168 3362 nominati
1185 3296 1265 3363 tutti
1281 3297 1350 3363 dua
1366 3319 1427 3382 per
1441 3295 1511 3362 suoi
1525 3295 1597 3358 theo

402 3407 487 3498 logi,
506 3421 542 3479 et
556 3409 754 3478 destinatoli
771 3408 870 3496 peril
886 3409 1044 3490 concilio,
1059 3433 1119 3498 per
1131 3412 1320 3478 conoscerli
1333 3415 1440 3480 molto
1450 3412 1501 3477 dal
1512 3421 1600 3491 tempo

405 3529 470 3594 che
486 3525 520 3591 in
539 3528 669 3593 Trento
686 3536 721 3593 et
737 3527 893 3612 Bologna
910 3547 968 3596 eta
985 3526 1112 3612 legato.
1132 3529 1175 3593 Et
1190 3531 1217 3594 s’
1239 3512 1265 3593 it'
1282 3527 1427 3595 concilio
1447 3525 1474 3594 si
1493 3527 1530 3607 ia,
1549 3543 1598 3586 non

405 3642 434 3708 si
450 3645 548 3729 potra
565 3642 683 3708 andar’
701 3653 820 3709 contra
836 3643 869 3708 la
885 3654 1000 3710 mente
1016 3643 1059 3708 de
1075 3644 1112 3712 S.
1132 3645 1185 3727 S.;
1203 3665 1241 3712 se
1258 3666 1327 3710 non
1340 3644 1369 3709 si
1383 3643 1509 3721 facessi‚
1521 3657 1599 3708 onon

406 3769 502 3825 tanto
519 3768 635 3844 presto
653 3761 761 3844 (come
778 3758 894 3824 alcuni
910 3760 1072 3844 temeno),
1094 3760 1166 3826 faro
1184 3772 1318 3828 tornare
1334 3781 1403 3827 vno
1420 3762 1461 3827 de
1479 3760 1541 3824 loro
1556 3773 1599 3840 per

407 3873 542 3960 Napoli;
565 3895 619 3940 ma
635 3893 733 3940 come
753 3871 782 3939 si
800 3872 916 3961 uoglia
933 3876 1000 3942 che
1015 3875 1048 3944 le
1065 3895 1146 3943 cose
1162 3877 1368 3956 succedam,
1388 3897 1456 3942 non
1471 3871 1599 3940 mancha·

406 4011 501 4056 remo
517 4010 583 4056 con
605 3990 627 4055 Γ
645 3987 791 4076 aggiuto
807 3991 851 4057 de
866 3989 933 4057 Dio
954 3991 998 4056 de
1014 3993 1065 4056 sar
1081 3992 1112 4056 la
1132 3991 1329 4078 prouisione
1349 3995 1405 4059 ch'
1425 3995 1468 4058 ho
1482 3986 1575 4056 scritta
1590 3983 1598 4012 ¹

426 4177 433 4192 ·
459 4183 473 4210 a
510 4169 569 4222 spii
581 4185 636 4226 ms·

461 4322 467 4348 ⁸
507 4320 552 4373 Ex
566 4318 743 4375 adversariis
756 4319 946 4391 autographis
960 4319 993 4374 P.
1013 4319 1144 4390 Polemi,
1163 4319 1193 4374 in
1209 4319 1312 4376 codice
1331 4321 1430 4394 Epist.
1453 4313 1560 4376 Poiouct'
1574 4325 1600 4364 ex

406 4427 528 4477 comm„
544 4421 555 4464 1
571 4408 634 4482 iol„
649 4428 678 4466 n.
696 4409 755 4482 182,
768 4410 848 4483 prius
865 4410 924 4480 178.
940 4411 970 4464 ln
984 4410 1086 4466 codice
1100 4412 1219 4484 Regest.
1235 4411 1259 4476 Ι,
1278 4411 1332 4467 iol.
1353 4403 1598 4484 119v,vets.16·toi

408 4506 508 4554 exstat
522 4498 586 4570 ejus
600 4499 801 4556 summarium.

462 4591 474 4621 ²
515 4586 592 4643 Vide
606 4589 760 4659 epistolam
778 4599 856 4657 1729.
