3468 5418
422 476 477 532 622
679 555 686 569 Ι
801 477 1009 534 Monunsura
1028 479 1207 535 lausanna

388 629 557 699 buniense
573 642 608 700 et
624 653 687 698 sua
704 631 844 698 volunta
860 633 904 699 de
920 633 981 699 dar
997 633 1077 718 quel
1093 634 1169 699 loco
1185 635 1229 702 de
1244 633 1354 701 sacca
1365 635 1377 667 ³
1390 634 1457 700 alla
1471 633 1615 719 Compa-

387 744 483 830 gnia,
502 755 537 812 et
554 746 620 812 che
636 743 824 812 intendano
840 744 876 812 di
891 745 924 812 la
941 747 974 813 la
991 767 1085 830 cosa,
1103 745 1132 814 si
1148 749 1168 813 e
1184 747 1350 827 riusibile,
1368 759 1402 814 et
1422 747 1451 814 si
1469 767 1617 834 propone

386 861 420 925 al
437 858 568 956 visceri
584 857 609 942 ⁴,
627 871 662 928 et
680 861 708 928 si
726 861 835 927 faccia
856 861 971 946 quello
988 863 1053 930 che
1074 860 1187 943 vorrd,
1210 873 1245 929 et
1267 861 1295 928 si
1317 864 1441 930 manda
1460 863 1496 929 la
1517 861 1618 948 origi-

388 977 466 1042 nale
481 975 525 1042 de
541 976 609 1042 don
628 977 737 1043 Paulo
754 978 765 1010 ³
782 998 883 1062 sopra
900 977 981 1062 quel
998 978 1084 1044 loco.
1285 977 1288 986 '

457 1089 510 1158 2.⁰
556 1089 594 1160 Si
610 1090 706 1158 anisa
722 1093 789 1160 che
805 1113 873 1180 qua
889 1093 1078 1172 dubitando,
1097 1114 1167 1160 non
1184 1094 1227 1160 de
1242 1094 1274 1159 la
1290 1093 1442 1173 volunta,
1463 1115 1519 1159 ma
1535 1092 1617 1160 della

391 1205 531 1301 sacultd.
1084 1222 1088 1230 “

458 1322 510 1407 3.⁰
556 1323 634 1391 Che
649 1321 678 1390 si
696 1325 841 1390 laranno
858 1323 881 1389 li
898 1325 1053 1411 suffragii
1071 1347 1131 1410 per
1147 1328 1236 1413 Joan
1256 1323 1437 1392 Anthonio
1456 1325 1573 1410 Apulo
1592 1325 1614 1390 ·³.

396 1451 400 1460 '
458 1438 512 1522 4.⁰
559 1439 634 1508 Che
650 1439 673 1504 l'
696 1435 891 1528 auemalrie]
914 1441 1073 1506 mandate
1094 1463 1114 1507 a
1135 1442 1288 1526 Raphael
1310 1445 1321 1474 ¹
1345 1461 1449 1508 erano
1469 1441 1514 1508 de
1534 1450 1616 1506 tutte

390 1551 540 1644 [gratie].

967 1726 1061 1807 2⁰!ss

640 1807 649 1822 ⁵
730 1867 872 1933 PATRI
901 1867 1062 1934 rauco
1096 1817 1285 1934 rourum

800 2011 888 2054 nona
903 2011 937 2053 22
950 2011 1087 2054 aususrr
1102 2011 1168 2068 1551
1186 1998 1209 2053 ¹.

576 2125 623 2181 De
636 2126 771 2195 episcopo
784 2123 1066 2180 trabinnensi.-Da
1080 2125 1258 2180 Sebastiano
1270 2127 1439 2181 demortuo.

460 2248 806 2318 Falerno-Primo.
826 2249 891 2317 Del
907 2270 1057 2317 vescouo
1073 2251 1271 2335 sopradetto
1287 2253 1310 2317 2.

393 2407 560 2464 mamertini
579 2409 699 2480 collegii
717 2417 813 2464 rector
833 2418 905 2479 erat,
927 2409 1040 2464 Natalis
1057 2425 1130 2485 vero
1143 2409 1332 2464 nesciebatur
1345 2411 1456 2465 Rornae
1474 2421 1564 2466 utrum
1581 2427 1614 2463 ex

391 2495 521 2552 africana
534 2497 724 2569 expeditione
738 2513 877 2552 reversus
890 2495 990 2552 fuerit.
1005 2498 1043 2551 Et
1055 2497 1175 2568 quidem
1194 2497 1365 2570 Aphrodisii
1383 2499 1477 2554 adhue
1490 2499 1613 2553 uersaba-

393 2593 449 2655 tur,
466 2586 544 2640 unde
558 2587 673 2642 litteras
686 2586 723 2640 ad
737 2587 883 2656 Ignatium
898 2585 987 2640 dabat
1001 2585 1035 2640 28
1049 2584 1189 2643 Octobris
1206 2600 1283 2656 1551.

447 2677 459 2709 ⁵
496 2675 572 2731 Vide
595 2675 750 2747 epistolam
775 2675 854 2745 1906.
878 2676 969 2730 Porro
992 2676 1116 2746 «Sacca,
1141 2675 1205 2730 sive
1227 2677 1373 2732 Thermae
1396 2677 1614 2732 Selinuntiorum

392 2765 473 2822 Urbs
486 2764 586 2838 digna,
601 2764 639 2820 ad
650 2763 756 2836 Libyci
771 2763 859 2819 maris
872 2781 952 2818 oram
966 2763 1003 2818 ad
1018 2765 1126 2819 montis
1139 2763 1253 2820 radices
1267 2765 1323 2820 sita
1334 2777 1391 2838 est,
1404 2767 1453 2820 ille
1464 2782 1528 2820 vero
1539 2781 1613 2819 mons

394 2855 424 2910 in
438 2871 518 2909 mare
532 2871 706 2926 procurrens
720 2855 819 2925 plures
833 2853 923 2908 habet
936 2869 1090 2921 cavernas3
1106 2852 1183 2908 unde
1196 2855 1295 2910 lutoso
1309 2856 1458 2926 sulphure,
1471 2856 1536 2924 sale,
1548 2853 1614 2924 igni-

393 2945 450 2998 bus
464 2953 495 2999 et
507 2943 673 3000 calentibus
687 2943 770 3014 aquis
784 2941 968 2997 abundat...»
982 2941 1111 3012 Pinum,
1126 2942 1234 2997 Sicilia
1248 2960 1351 3010 sacro,
1362 2943 1400 3016 11,
1411 2945 1472 3013 782.
1485 2943 1527 2998 Ad
1536 2945 1614 2997 colle·

392 3033 476 3104 gium
490 3041 589 3088 autem
603 3031 682 3104 quod
701 3031 820 3099 attinet,
840 3029 913 3085 illud
935 3029 1054 3103 quidem
1075 3048 1164 3102 saepe
1183 3032 1355 3106 cogitatum,
1377 3033 1491 3088 initium
1508 3031 1612 3086 tandem

393 3121 497 3178 habuit
511 3138 587 3176 anno
603 3122 682 3190 1607.
693 3122 783 3192 Ju'vat
797 3137 834 3174 ex
848 3120 960 3190 multiS,
973 3137 1049 3191 quae
1063 3119 1152 3174 tradit
1163 3120 1341 3192 Aouruuaa,
1352 3123 1529 3176 Provinciae
1542 3121 1614 3176 Sicu·

393 3211 443 3266 lae
458 3213 524 3267 Soc.
532 3211 607 3284 jesu
624 3210 732 3275 Ortus,
745 3213 775 3265 at
786 3210 843 3264 Res
854 3214 969 3282 gestae,
984 3209 1008 3276 1,
1023 3219 1150 3281 512·517,
1166 3211 1290 3281 paucula
1304 3207 1532 3284 excerpere;'ille
1544 3209 1613 3264 enirn

394 3299 536 3356 antistitis
549 3317 657 3354 nomeu
670 3298 766 3371 aperit
779 3307 810 3353 et
824 3306 905 3353 recte
919 3297 998 3352 illius
1012 3296 1173 3353 dioecesim
1187 3297 1327 3370 declarat,
1347 3301 1483 3372 quamvis
1498 3298 1612 3370 alioquin

393 3389 549 3464 quaedam,
564 3389 609 3444 his
624 3387 731 3444 litteris
745 3405 848 3459 parurn
861 3403 1001 3457 consona,
1014 3386 1144 3457 adjiciat:
1159 3387 1250 3458 «Agit
1261 3389 1419 3462 [Ignatius]
1430 3409 1463 3444 ea
1473 3390 1508 3444 de
1517 3408 1545 3444 re
1554 3405 1611 3442 curn

396 3477 549 3556 Carpensi:
565 3477 637 3532 nihil
651 3493 709 3531 non
724 3483 835 3546 movet,
850 3475 989 3546 impetrat
1002 3475 1179 3530 allarianno
1198 3477 1315 3548 Manno,
1334 3478 1489 3546 Xaccensi,
1508 3477 1611 3532 Trebia·

395 3567 479 3622 uensi
504 3565 647 3621 Pontifice
668 3563 884 3631 Sacerdotium,
908 3579 961 3617 seu
984 3562 1149 3618 Prioratum
1172 3564 1273 3619 Sancti
1292 3565 1427 3622 Caloceri
1448 3583 1532 3638 prope
1548 3565 1612 3618 Χιο-

395 3672 507 3710 cam:...
522 3654 641 3709 mandat
654 3654 745 3708 Paulo
760 3651 881 3723 Achilli,
893 3661 925 3706 ut
939 3669 975 3706 eo
988 3669 1021 3706 se
1034 3651 1177 3721 conferat;
1191 3653 1241 3725 qui
1254 3671 1393 3710 reversus
1403 3656 1513 3726 lgnatid
1522 3671 1610 3708 renun-

397 3745 450 3799 tiat
464 3743 629 3800 Sacerdotii
642 3741 819 3798 tenuitatem
833 3740 954 3811 negotio
967 3741 1108 3812 imparem
1122 3758 1203 3797 esse.
1220 3743 1295 3812 Turn
1309 3743 1428 3799 demum
1442 3746 1478 3798 B.
1495 3745 1572 3798 Pater
1580 3741 1611 3796 de

394 3836 479 3890 coelo
493 3833 658 3902 cognoscit,
672 3831 802 3886 nondum
817 3829 975 3886 advenisse
988 3829 1176 3900 designatum
1190 3831 1227 3886 ad
1240 3831 1269 3886 id
1282 3841 1430 3904 tempus.»

451 3927 462 3957 ⁴
499 3924 630 3994 Joannes
643 3923 738 3992 Vega.

451 4016 462 4046 ⁵
500 4013 609 4066 Paulus
623 4010 772 4066 Antonius
786 4009 933 4065 Achilles.
1407 4080 1408 4083 Ἰ

450 4103 462 4137 ⁶
503 4101 679 4155 aHocvanno
699 4098 844 4171 primitias
864 4113 984 4152 suorum
1003 4097 1182 4152 novitiorum
1201 4097 1304 4154 domus
1322 4101 1503 4170 probationis
1521 4102 1611 4156 Messa·

396 4191 497 4246 nensis
512 4191 542 4244 in
554 4189 670 4244 coelum
685 4188 775 4259 misit,
792 4187 907 4242 scilicet
920 4187 1066 4256 Joannem
1080 4186 1253 4259 Antonium,
1269 4189 1430 4261 Apulum»)
1448 4192 1607 4258 Polaticus,

399 4279 524 4343 Chron„
538 4277 576 4348 ll,
593 4277 656 4334 228.
670 4277 746 4332 Vide
759 4279 869 4346 locum,
883 4275 933 4329 ubi
946 4275 1213 4330 cumulatissimum
1226 4276 1350 4348 hujusce
1364 4279 1555 4336 adolescentis
1565 4281 1610 4333 elo

395 4370 478 4440 gium
493 4367 614 4435 texitur3
629 4365 852 4436 omittamus,
865 4365 916 4432 XI,
935 4365 978 4435 183
996 4363 1070 4418 Litr.
1089 4363 1269 4432 Qreadrim„
1285 4368 1308 4437 l,
1323 4366 1454 4441 362·368,
1465 4367 1609 4440 43oet431.

452 4463 462 4492 ⁷
500 4457 631 4528 Raphael
645 4454 744 4510 Riera.

452 4611 459 4643 ¹
499 4611 543 4664 Ex
556 4607 659 4664 codice
673 4607 791 4680 Regest.
810 4605 832 4670 I,
847 4605 899 4665 fol.
916 4605 997 4674 123v,
1013 4621 1093 4666 vers,
1107 4617 1123 4675 7
1137 4614 1167 4661 et
1177 4607 1205 4664 8.

451 4703 470 4733 ¹
501 4696 577 4751 Vide
590 4696 746 4768 epistolam
760 4694 954 4766 superiorem,
