3454 5418
486 503 590 556 Errsr,
611 501 765 572 2078.·-·22
782 503 983 562 Sarrsuams
1004 493 1070 574 1'551
1286 504 1340 574 ⁶57

146 654 389 742 stimationem)
406 655 682 724 beneuolentiam
699 657 800 725 etiam
817 646 901 743 erga
922 659 1095 724 doctorem
1112 656 1289 724 Canisium
1304 656 1377 724 sin-

146 771 303 857 gularem
320 786 484 858 agnosco.
502 771 636 839 Revera
652 781 778 854 tamen,
797 773 957 859 princeps
974 773 1096 854 Illme.,
1118 774 1277 859 quamuis
1298 795 1377 860 per--

147 887 340 954 humaniter
356 909 396 954 ea
412 887 563 974 dignitas
579 911 599 954 a
616 890 658 958 T.
676 889 717 957 E.
732 888 776 954 sit
788 889 913 969 oblata,
928 889 1058 956 doctori
1073 899 1188 957 tamen
1201 889 1378 975 praedicto

148 1025 224 1072 eam
241 1002 421 1070 admittere
437 1002 610 1089 integrum
628 1015 801 1090 nouerat,
825 1027 894 1070 non
915 1005 1025 1072 solum
1047 1005 1140 1090 quod
1161 1003 1378 1072 obedientiae

148 1119 330 1186 consilium
351 1119 536 1205 expectari,
559 1119 738 1187 sedetiam
755 1123 847 1206 quod
864 1119 1011 1187 instituti
1026 1120 1133 1187 nostri
1151 1119 1237 1187 ratio
1261 1119 1379 1186 haberi

149 1235 312 1322 oportuit.

216 1354 260 1418 Et
275 1362 315 1416 ut
330 1351 484 1420 exactius
500 1351 535 1416 id
552 1352 595 1421 T.
614 1353 653 1419 E.
672 1351 855 1438 intelligat,
875 1352 938 1419 tria
954 1352 989 1418 in
1002 1353 1069 1420 hoc
1081 1351 1378 1420 vicecancellaria--

149 1479 206 1535 tus
228 1468 340 1534 officio
360 1478 453 1547 sunt,
478 1489 566 1552 quae
587 1488 667 1535 cum
684 1477 821 1536 nostrae
841 1467 1028 1554 relligionis
1048 1468 1218 1548 instituto,
1242 1491 1261 1534 a
1282 1468 1381 1535 nobis

149 1586 193 1650 ad
209 1583 276 1652 Dei
293 1583 436 1670 gloriam
453 1585 575 1664 electo,
594 1595 628 1649 et
645 1606 665 1650 a
680 1585 762 1651 sede
775 1584 961 1668 apostolica
974 1584 1191 1664 confirmam,
1209 1595 1380 1670 pugnant.

149 1699 306 1766 Primum
324 1711 388 1779 est,
406 1698 557 1785 dignitas
574 1698 645 1785 ipsa
662 1710 696 1766 et
718 1701 830 1766 honor
851 1699 963 1766 officio
983 1699 1178 1785 adjunctus
1203 1721 1223 1766 a
1242 1700 1380 1784 quibus,

149 1815 245 1901 quod
266 1813 300 1881 in
316 1815 415 1882 nobis
437 1827 502 1896 est,
526 1815 767 1910 abstinendum
789 1837 876 1896 esse,
901 1825 936 1883 et
953 1815 1065 1892 crucis
1081 1813 1137 1882 Χ.ἰ
1153 1815 1379 1884 humilitatem

149 1933 350 1999 sectandam
363 1929 608 2016 judicauimus.
628 1933 785 2000 Alterum
802 1944 866 2012 est,
885 1933 976 2018 quod
993 1944 1183 2018 prouentus
1199 1943 1234 2000 et
1249 1932 1380 1998 emolu-

149 2060 269 2117 menta
291 2046 500 2132 temporalia,
523 2047 558 2112 in
581 2047 815 2133 spiritualibus
836 2047 1033 2116 ministeriis
1052 2059 1087 2114 et
1109 2048 1381 2134 quibuscumque

151 2164 218 2252 piis
235 2163 410 2260 laboribus
427 2165 469 2229 ad
485 2163 629 2251 proximi
647 2164 855 2249 spiritualem
871 2163 1050 2232 utilitatem
1067 2163 1248 2256 susceptis,
1267 2165 1378 2230 exclu-

151 2282 282 2361 dimus,
300 2289 350 2360 vt,
368 2277 584 2345 remotissimi
601 2281 644 2345 ab
661 2280 752 2346 omni
770 2279 933 2347 auaritiae
949 2281 1075 2366 specie,
1091 2279 1220 2366 puriori
1236 2281 1308 2346 zelo
1320 2280 1386 2350 Dei

151 2401 318 2464 honorem
345 2405 378 2461 et
402 2393 590 2461 animarum
613 2395 775 2462 auxilium
801 2418 995 2480 queramus.
1022 2395 1177 2464 Tertium
1201 2407 1266 2477 est,
1293 2397 1387 2482 quod

151 2511 352 2598 hujusmodi
369 2511 517 2578 officium
535 2533 578 2577 ex
595 2533 657 2578 sua
670 2523 793 2578 natura
805 2511 925 2577 stabile
941 2523 976 2578 et
991 2524 1194 2599 perpetuum
1212 2529 1277 2593 est,
1296 2514 1388 2578 vnde

150 2629 279 2716 ligaret
299 2628 447 2711 quodam
470 2627 572 2693 modo
596 2629 771 2696 doctorem
796 2627 972 2694 Canisium
997 2630 1039 2695 ad
1060 2630 1328 2714 permanendum
1352 2629 1387 2695 in

150 2768 192 2812 ea
209 2743 448 2823 vniuersitate,
467 2765 546 2810 cum
564 2753 679 2810 tamen
696 2742 839 2811 solemni
856 2755 937 2810 voto
953 2745 996 2810 ad
1013 2757 1134 2810 nutum
1151 2743 1275 2812 summi
1298 2765 1386 2830 pon-

151 2858 259 2928 tificis
274 2859 412 2948 (quouis
428 2859 584 2946 gentium
602 2861 645 2926 ad
661 2859 808 2946 negocia
825 2860 904 2926 fidei
921 2872 955 2928 et
972 2859 1179 2928 christianae
1199 2859 1388 2948 relligionis

151 2977 323 3061 mittatur]
340 2987 496 3062 paratum
514 2975 605 3043 acin
622 2977 801 3063 procinctu
818 2999 856 3044 se
872 2979 946 3045 fore
963 2975 1006 3043 sit
1023 2978 1209 3063 professus.

224 3091 290 3159 His
307 3115 349 3160 ex
366 3091 480 3157 causis
497 3113 575 3158 cum
592 3093 745 3160 Sermus
761 3113 979 3159 romanorum
994 3114 1054 3160 rex
1070 3095 1095 3175 ³,
1111 3115 1237 3180 magna
1250 3092 1387 3177 quidem

151 3210 214 3275 illa
238 3208 406 3274 charitate
430 3208 556 3292 alioqui
580 3231 643 3274 nos
666 3230 889 3294 prosequens
919 3209 1152 3295 episcopatum
1177 3209 1341 3294 Trigesti,
1370 3232 1387 3274 a

150 3324 307 3410 quodam
332 3347 374 3392 ex
401 3323 561 3390 fratribus
582 3323 707 3390 nostris
731 3324 864 3390 admitti
886 3326 1111 3394 contenderet
1132 3325 1158 3404 ⁴,
1177 3328 1327 3405 tandem,
1347 3326 1389 3392 de

150 3440 317 3506 instituto
334 3449 449 3505 nostre
465 3439 648 3507 Societatis
664 3439 872 3519 admonitus,
890 3439 1124 3507 desistendum
1141 3439 1206 3508 sibi
1219 3463 1295 3510 esse
1311 3461 1390 3508 cen·

152 3555 238 3623 suit.
260 3553 318 3624 Sic
334 3564 369 3619 et
385 3555 413 3620 F
414 3553 560 3622 errariae
576 3555 646 3620 dux
664 3557 689 3636 ⁵,
708 3553 764 3621 cui
777 3555 932 3623 Societas
945 3566 1063 3622 nostra
1076 3555 1258 3642 plurimum
1272 3539 1388 3636 debet,

154 3693 238 3738 cum
264 3679 458 3756 peroptaret
483 3670 628 3754 aliquem
654 3691 696 3736 ex
719 3669 846 3737 nostris
869 3669 916 3756 pii
940 3670 1117 3738 cuiusdam
1141 3671 1209 3738 loci
1234 3673 1389 3738 stabilem

154 3809 278 3854 curam
296 3786 472 3872 suscipere
489 3789 514 3865 ⁸,
533 3787 653 3872 negari
671 3786 706 3851 id
721 3785 785 3852 sibi
803 3797 940 3872 propter
956 3786 1106 3862 rationes
1122 3789 1258 3856 easdem
1280 3809 1390 3872 aequo

155 3901 276 3970 animo
297 3903 386 3968 tulit.
414 3904 630 3970 Tantundem
656 3902 813 3970 Gandiae
834 3904 916 3983 dux,
941 3901 1012 3988 qui,
1035 3923 1112 3968 curn
1128 3902 1314 3990 collegium
1338 3903 1392 3968 in-

156 4019 262 4104 signe
285 4032 320 4086 et
340 4018 611 4100 vniuersitatem,
630 4018 787 4086 Gandiae
811 4029 973 4100 erectam,
992 4018 1155 4122 Soqietati
1177 4029 1314 4088 nostrae
1330 4019 1392 4086 do·

156 4135 290 4213 nando,
309 4144 343 4202 et
359 4133 433 4201 aliis
450 4133 626 4202 beneficiis
643 4133 707 4200 sibi
725 4155 843 4201 omnes
865 4144 958 4202 arcte
974 4132 1196 4214 deuinxisset,
1219 4133 1391 4200 nihilomi-

215 4378 227 4408 ³
265 4374 469 4430 Ferdinandus
482 4375 506 4432 1.

215 4469 227 4500 ⁴
265 4463 410 4520 Nimirum
423 4482 441 4520 a
454 4465 578 4522 Claudio
592 4467 668 4538 Jajo.
684 4464 760 4520 Vide
773 4481 872 4536 supra,
888 4465 911 4532 1,
925 4463 1054 4536 45o·453,
1069 4465 1198 4534 46c-467.

161 4589 163 4594 ι
215 4557 228 4590 ⁵
266 4555 410 4609 Hercules
424 4554 452 4608 II
466 4555 612 4610 Estensis.

216 4646 228 4678 ⁰
265 4643 338 4714 Agit
360 4643 397 4698 de
419 4645 474 4699 hae
496 4662 528 4699 re
551 4645 737 4715 Potnrtcus,
762 4643 888 4712 Chrou„
910 4643 952 4716 ΙΙ,
980 4643 1029 4698 186
1051 4651 1082 4698 et
1105 4643 1165 4712 187.
1190 4643 1265 4698 Vide
1288 4641 1395 4714 episto·

160 4737 220 4791 lam
238 4745 320 4804 1947.

298 4831 404 4876 Monuit.
422 4831 645 4886 Ionum-Errat..
661 4843 718 4876 tort.
734 4831 780 4876 Ill.
1235 4829 1263 4873 tt
