3486 5420
796 411 1003 466 Monunanm
1022 409 1202 466 Iounrnua

957 619 1034 700 1821

660 759 801 826 PATRI
827 759 1086 828 LEONARDO
1110 758 1335 828 KESSELIO

816 905 904 950 noun
924 905 958 948 22
977 907 1046 961 unp
1067 905 1133 962 ¹551
1156 894 1177 948 ¹.

425 1013 579 1071 Concessio
589 1017 769 1088 gratiarum
783 1021 811 1072 at
816 1017 956 1090 facultas
968 1020 1010 1074 nd
1022 1019 1191 1074 exercenda
1204 1017 1363 1074 Societntis
1375 1016 1541 1072 ministeria.

429 1117 602 1229 ¹Ignatius
618 1143 661 1211 de
678 1145 818 1229 Loyola,
837 1144 1019 1213 Societatis
1030 1145 1114 1233 Jesu
1132 1145 1347 1231 praepositus
1363 1144 1527 1230 generalis.

446 1257 582 1326 Dilecto
594 1257 627 1324 in
638 1257 703 1326 Χ.ο
717 1259 811 1326 fratri
824 1263 928 1328 Mtro.
942 1263 1120 1329 Leonardo
1132 1261 1264 1341 Kessel,
1274 1259 1437 1328 sacerdoti
1447 1259 1575 1327 eiusdem

381 1373 579 1454 Societatis,
597 1374 744 1442 salutem
761 1376 796 1440 in
813 1374 961 1442 Domino
974 1376 1229 1461 sempiternam.

448 1491 537 1556 Cum
554 1477 697 1576 probata
712 1487 824 1580 [nobis
839 1491 883 1558 sit
899 1491 991 1559 vitae
1008 1503 1087 1558 tuae
1104 1492 1295 1580 integritas,
1314 1490 1459 1558 doctrina
1472 1501 1503 1557 et
1516 1499 1575 1555 stu·

382 1604 477 1672 dium
493 1603 577 1671 illud
594 1605 783 1687 charitatis,
809 1628 878 1691 quo
901 1607 1092 1673 animarum
1115 1608 1261 1675 salutem
1284 1599 1409 1692 juvare
1434 1628 1485 1693 pro
1505 1603 1575 1670 virili

381 1729 478 1807 parte
494 1741 606 1804 curaS,
624 1722 668 1788 ad
683 1722 748 1789 Dei
766 1722 909 1808 gloriam
926 1733 961 1788 et
976 1743 1192 1789 communem
1209 1721 1391 1790 utilitatem
1407 1723 1470 1790 iore
1483 1719 1574 1786 conli-

382 1835 506 1919 dimuS,
525 1836 554 1902 si
570 1859 663 1905 arma
679 1839 735 1904 illa
750 1838 950 1925 spiritualia,
969 1859 1057 1924 quae
1073 1839 1172 1904 nobis
1193 1839 1377 1925 apostolica
1395 1835 1490 1928 sedes]
1504 1848 1516 1876 ¹
1532 1833 1574 1899 di·

382 1955 576 2039 spensanda
594 1952 724 2034 tribuit,
744 1953 804 2019 tibi
820 1955 1069 2021 commitamus.
1090 1955 1221 2022 Omnes
1233 1976 1318 2040 ergo
1332 1954 1393 2020 tibi
1404 1964 1437 2022 et
1449 1951 1574 2038 singulas

382 2069 510 2156 gratias
526 2090 566 2135 ac
588 2069 779 2149 facultates,
803 2089 1022 2156 quocumque
1041 2071 1143 2136 modo
1165 2052 1328 2139 Societati
1353 2081 1478 2137 nostrae
1498 2068 1573 2132 iuxta

380 2184 564 2271 praepositi
580 2185 750 2271 generalis
765 2185 1021 2271 dispositionem
1038 2207 1231 2266 concessas,
1250 2198 1285 2254 et
1301 2185 1486 2252 nominatim
1502 2201 1572 2266 quae

380 2301 424 2366 ad
440 2299 677 2368 confessiones
693 2310 728 2367 et
743 2301 1032 2386 praedicationem
1048 2299 1122 2368 siue
1139 2300 1319 2368 lectionem
1336 2301 1431 2368 verbi
1445 2295 1497 2367 Dei
1511 2317 1572 2382 per·

380 2415 502 2498 tinent,
520 2427 554 2483 et
570 2416 666 2498 aliaS,
685 2437 774 2502 quae
790 2416 931 2503 priuatis
951 2416 1114 2484 fratribus
1135 2417 1317 2485 Societatis
1339 2417 1415 2484 usui
1431 2437 1494 2486 esse
1508 2433 1572 2498 pos·

344 2515 353 2531 ⁴
380 2543 473 2612 sunt,
496 2533 802 2615 communicamus;
826 2553 1074 2620 precamurque
1101 2535 1213 2602 Deum
1238 2532 1452 2614 altissimum,
1479 2525 1573 2596 uthis

380 2647 483 2714 armis
498 2669 577 2715 cum
591 2647 704 2714 fructu
718 2647 867 2714 maximo
883 2649 927 2713 ad
942 2647 1049 2735 ipsius
1065 2649 1200 2714 laudem
1216 2663 1252 2715 et
1268 2649 1433 2716 ecclesiae
1447 2643 1575 2715 aedifica·

380 2763 507 2830 tionem
524 2764 642 2831 utaris

447 2879 532 2947 Vale
549 2879 583 2944 in
600 2879 738 2948 domino
749 2882 833 2968 Jesu
850 2881 928 2962 X.⁰,
947 2881 1045 2948 XXII
1062 2881 1142 2950 Maii
1160 2883 1289 2948 MDLI.

910 2975 917 2987 ⁸
1211 2998 1386 3064 lcunrrus
1403 2995 1429 3065 b.

379 3143 590 3160 Μ

432 3234 447 3263 ³
467 3217 541 3274 loco
553 3235 670 3284 eorum,
689 3236 767 3290 quae
783 3218 864 3274 inter
882 3219 1010 3274 aricinos
1028 3217 1219 3291 scripsimus,
1235 3219 1307 3276 haec
1324 3219 1468 3293 leguntur
1482 3216 1508 3269 in
1522 3225 1573 3265 tntu·

380 3306 496 3376 (eadem
512 3325 630 3379 prorsus
645 3311 745 3376 verba,
760 3324 836 3380 quae
850 3325 937 3379 supra
952 3308 982 3362 in
1000 3305 1033 3362 P.
1053 3307 1150 3363 Vinck
1164 3308 1269 3362 eodem
1289 3307 1337 3363 die
1356 3316 1387 3362 et
1404 3324 1475 3362 anno
1489 3303 1572 3358 Romae

380 3398 513 3470 scripta).
555 3399 606 3441 -b
626 3399 758 3469 Sequens
775 3400 935 3452 annotatio
952 3402 1049 3452 exstat
1072 3399 1105 3452 in
1123 3397 1280 3470 principio
1300 3397 1392 3470 hirjats
1409 3385 1573 3452 monumenti:

379 3485 547 3559 Sequentes
560 3497 751 3543 asseruantur
764 3487 794 3542 in
804 3486 914 3541 familia
929 3487 969 3543 D.
992 3486 1076 3559 Mylii
1093 3487 1244 3558 Coloniae,
1265 3487 1350 3542 cuius
1368 3486 1397 3542 in
1418 3484 1522 3542 aedibus
1536 3491 1572 3530 ex·

378 3575 483 3648 scripsi
500 3577 579 3646 1657,
597 3575 615 3631 8
633 3575 773 3646 Augusti.
790 3575 873 3631 Dixit
892 3577 933 3631 D.
960 3577 1100 3648 amplmus
1117 3577 1312 3631 ‘Hermannus
1334 3577 1520 3642 Parentemp·
1538 3581 1568 3618 m·

379 3665 530 3738 accepisse
544 3683 597 3736 per
615 3665 876 3720 commutationem
899 3679 951 3737 pro
972 3665 1166 3738 chirographo
1187 3666 1320 3737 Lutheri,
1339 3665 1476 3720 offerente
1489 3651 1572 3714 familis

378 3753 503 3827 quadam
518 3754 622 3810 Colon.
637 3755 752 3809 haeresi
766 3753 889 3809 iniecta.
913 3755 1077 3810 Asseruaut
1091 3757 1121 3810 hi
1139 3755 1363 3827 chirographum
1382 3756 1493 3826 pulchre
1505 3743 1572 3802 inclu-

378 3861 443 3899 sum
456 3861 508 3916 pro
522 3843 633 3900 familia
646 3852 676 3899 et
690 3845 851 3917 puerperis.
868 3845 941 3899 Post
951 3845 1180 3916 inscriptionem
1190 3849 1288 3900 exstat
1298 3845 1439 3918 sigillum
1451 3829 1572 3898 Socitiail'i

373 3931 449 4004 Jesu
462 3933 627 4003 depictum.

433 4115 441 4147 ¹
480 4113 524 4167 Ex
538 4113 717 4186 apographo,
732 4112 762 4176 ip
777 4111 850 4168 Cod.
863 4111 967 4172 Colon.
983 4113 1042 4181 Ill,
1055 4111 1106 4171 iol.
1120 4111 1167 4173 Sv.
1181 4113 1252 4184 Ejus
1265 4113 1454 4169 summarium
1465 4109 1542 4166 exsut
1551 4098 1572 4152 in

377 4200 480 4257 codice
494 4202 612 4276 Rogest.
628 4203 653 4268 I,
668 4200 719 4259 fol.
740 4215 816 4272 1201,
831 4219 910 4258 vers.
929 4201 946 4256 3
963 4211 995 4258 et
1010 4218 1041 4273 4.
1067 4202 1186 4258 Editum
1204 4202 1260 4258 fuit
1273 4203 1329 4258 hoc
1348 4201 1572 4258 monumentum

378 4291 525 4360 HANSEN,
539 4309 590 4365 op.
607 4293 670 4362 cit,
685 4309 755 4364 pag.
778 4290 840 4360 173.
