3468 5418
456 469 509 526 522
834 457 1041 513 Monunmm
1060 455 1238 512 lominum

488 608 615 678 Similis
631 632 693 697 pro
709 609 905 698 praeposito
921 621 1245 696 caesaraugustano.

487 812 615 882 Similis
630 835 691 899 pro
707 815 901 901 praeposito
918 815 1103 884 valentino.

487 1019 616 1087 Similis
632 1042 694 1106 pro
709 1021 902 1108 praeposito
921 1022 975 1088 uel
991 1033 1123 1088 rectore
1138 1017 1305 1088 Gandiae.

488 1225 616 1294 Similis
632 1249 693 1312 pro
709 1227 905 1314 praeposito
923 1226 1112 1294 Vaiisoieti.

488 1432 615 1502 Similis
630 1456 693 1520 pro
709 1402 902 1522 praeposito
919 1433 1157 1520 complutensi.

488 1639 615 1708 Similis
631 1661 693 1726 pro
708 1639 903 1726 praeposito
919 1637 1187 1707 salmanticensi.

488 1842 615 1912 Similis
631 1865 693 1930 pro
709 1843 905 1930 praeposito
920 1841 1057 1930 collegii
1073 1844 1108 1908 d'
1127 1843 1267 1929 Ognate
1283 1843 1307 1908 '.

485 2046 613 2115 Similis
629 2069 690 2133 pro
707 2047 899 2134 praeposito
916 2047 1182 2134 conymbriensi.

485 2254 615 2354 Similis
631 2277 693 2341 pro
711 2256 904 2342 praeposito
920 2255 1143 2325 vlisbonensi.

930 2395 1137 2406 ..ιιι-ιυ-

486 2457 615 2528 Similis
631 2482 692 2546 pro
709 2461 903 2546 praeposito
919 2462 963 2526 de
979 2461 1049 2529 San
1066 2462 1093 2526 F
1095 2460 1157 2528 ins.

485 2667 613 2736 Similis
630 2690 691 2753 pro
708 2667 900 2754 praeposito
917 2690 1048 2748 eorum,
1073 2667 1131 2753 qui
1152 2667 1281 2736 curiam
1302 2668 1394 2756 regis
1413 2650 1585 2744 Portugnliae

418 2795 619 2868 sequuntur.

919 2925 1129 2938 ———--.

485 2987 614 3054 Similis
630 3009 692 3073 pro
709 2990 903 3074 praeposito
920 2987 1132 3056 bononiensi.

931 3127 1138 3142 ——n

484 3193 611 3264 Similis
627 3216 689 3279 pro
707 3195 904 3282 praeposi1o
923 3195 1128 3266 ferrariensi.

984 3367 1076 3448 1864

693 3507 1061 3576 CONSERVATORI
1084 3508 1368 3576 ARAGONIAE

855 3650 944 3695 noun
967 3653 976 3692 1
999 3651 1165 3710 Juu111551
1187 3641 1209 3695 ¹.

517 3766 616 3822 Suum
637 3763 794 3838 negotium
813 3765 980 3838 diligenter
998 3765 1253 3822 cambitum-De
1271 3767 1364 3822 Anna
1385 3761 1517 3822 Gonulo.

482 3891 846 3977 Saragooae-Prima.
866 3891 912 3957 Al
927 3906 1161 3970 conseruator,
1180 3912 1281 3976 sopra
1297 3891 1320 3958 il
1336 3911 1400 3959 suo
1412 3881 1531 3976 negotio,
1541 3875 1579 3940 Che

417 4013 627 4026 -ι--ι-ὓ-ι-

468 4065 479 4095 ²
517 4058 564 4114 Ad
583 4060 659 4114 hanc
678 4060 832 4131 epistolam
852 4059 916 4114 sive
935 4057 1105 4114 facultatem
1124 4075 1175 4131 pro
1192 4061 1348 4130 ognatensi
1365 4037 1579 4134 praeposiwfssfersi

414 4147 532 4204 videtur
553 4147 762 4218 fragmentum,
781 4145 893 4220 quoda
917 4147 1112 4220 ΜΕΝΕΗΑΟΑ,
1136 4147 1291 4220 Epistulae
1314 4149 1344 4208 S.
1368 4147 1478 4224 Ignatii
1496 4132 1580 4208 stim

414 4255 482 4310 pag.
498 4237 561 4306 664,
576 4236 698 4292 affertur
711 4237 787 4292 inter
802 4235 963 4291 «Addenda
977 4245 1007 4291 et
1016 4235 1218 4309 corrigenda»,
1229 4237 1308 4310 quod
1317 4238 1435 4312 quidem
1448 4233 1578 4306 ingmfflfflffi

414 4325 537 4398 primam
551 4324 703 4384 dumtaxat
715 4325 802 4397 hujus
821 4325 1021 4380 concessionis
1043 4336 1155 4398 partem
1177 4328 1310 4383 continet
1328 4345 1345 4383 a
1368 4329 1463 4386 verbis
1476 4318 1578 4379 asson

414 4431 507 4487 usque
521 4413 557 4469 ad
571 4412 799 4470 «confidentes».

469 4597 476 4628 ¹
516 4595 560 4648 Ex
573 4591 674 4648 codice
690 4591 808 4664 Regest.
823 4593 846 4658 I,
863 4591 914 4648 iol.
932 4590 1008 4662 1781,
1023 4609 1101 4648 vers.
1116 4591 1150 4648 38
1164 4602 1194 4650 et
1206 4593 1251 4664 39.
1267 4595 1441 4669 Scriptionis
1452 4595 1578 4664 tenpuswss·

413 4691 473 4738 stat
487 4700 526 4738 ex
539 4683 665 4754 epistola
681 4679 757 4739 1833.
