<?xml version="1.0" encoding="UTF-8"?>
<!DOCTYPE html PUBLIC "-//W3C//DTD XHTML 1.0 Transitional//EN"
    "http://www.w3.org/TR/xhtml1/DTD/xhtml1-transitional.dtd">
<html xmlns="http://www.w3.org/1999/xhtml" xml:lang="en" lang="en">
 <head>
  <title>
</title>
<meta http-equiv="Content-Type" content="text/html;charset=utf-8" />
  <meta name='ocr-system' content='tesseract 3.04.00' />
  <meta name='ocr-capabilities' content='ocr_page ocr_carea ocr_par ocr_line ocrx_word'/>
</head>
<body>
  <div class='ocr_page' id='page_1' title='image "./monumentaignati03ignagoog_0736.png"; bbox 0 0 3454 5418; ppageno 0'>
   <div class='ocr_carea' id='block_1_1' title="bbox 474 499 1345 576">
    <p class='ocr_par' dir='ltr' id='par_1_1' title="bbox 474 499 1345 576">
     <span class='ocr_line' id='line_1_1' title="bbox 474 499 1345 576; baseline -0.001 -15"><span class='ocrx_word' id='word_1_1' title='bbox 474 506 579 566; x_wconf 73' lang='lat' dir='ltr'>Enisa.</span> <span class='ocrx_word' id='word_1_2' title='bbox 601 505 962 576; x_wconf 78' lang='lat' dir='ltr'>2201.-17Novuuams</span> <span class='ocrx_word' id='word_1_3' title='bbox 984 499 1067 575; x_wconf 83' lang='lat'>1551&#39;</span> <span class='ocrx_word' id='word_1_4' title='bbox 1290 517 1345 573; x_wconf 84' lang='lat'>729</span> 
     </span>
    </p>
   </div>
   <div class='ocr_carea' id='block_1_2' title="bbox 209 653 926 974">
    <p class='ocr_par' dir='ltr' id='par_1_2' title="bbox 209 653 926 974">
     <span class='ocr_line' id='line_1_2' title="bbox 211 653 926 742; baseline 0.003 -18"><span class='ocrx_word' id='word_1_5' title='bbox 211 653 296 725; x_wconf 84' lang='lat' dir='ltr'>Vale</span> <span class='ocrx_word' id='word_1_6' title='bbox 311 657 347 724; x_wconf 91' lang='lat' dir='ltr'>in</span> <span class='ocrx_word' id='word_1_7' title='bbox 363 657 524 725; x_wconf 89' lang='lat' dir='ltr'>Domino.</span> <span class='ocrx_word' id='word_1_8' title='bbox 548 675 585 741; x_wconf 93' lang='lat'>17</span> <span class='ocrx_word' id='word_1_9' title='bbox 604 659 811 726; x_wconf 85' lang='lat' dir='ltr'>Nouembris</span> <span class='ocrx_word' id='word_1_10' title='bbox 833 675 926 742; x_wconf 87' lang='lat'>1551.</span> 
     </span>
     <span class='ocr_line' id='line_1_3' title="bbox 210 774 819 858; baseline 0 -18"><span class='ocrx_word' id='word_1_11' title='bbox 210 774 363 840; x_wconf 84' lang='lat' dir='ltr'>Thomas</span> <span class='ocrx_word' id='word_1_12' title='bbox 379 774 469 840; x_wconf 86' lang='lat' dir='ltr'>valet</span> <span class='ocrx_word' id='word_1_13' title='bbox 484 795 628 858; x_wconf 90' lang='lat' dir='ltr'>corpore</span> <span class='ocrx_word' id='word_1_14' title='bbox 643 783 678 841; x_wconf 87' lang='lat' dir='ltr'>et</span> <span class='ocrx_word' id='word_1_15' title='bbox 695 785 819 842; x_wconf 86' lang='lat' dir='ltr'>mente.</span> 
     </span>
     <span class='ocr_line' id='line_1_4' title="bbox 209 887 856 974; baseline -0.003 -18"><span class='ocrx_word' id='word_1_16' title='bbox 209 887 262 956; x_wconf 89' lang='lat' dir='ltr'>De</span> <span class='ocrx_word' id='word_1_17' title='bbox 279 888 441 956; x_wconf 89' lang='lat' dir='ltr'>mandato</span> <span class='ocrx_word' id='word_1_18' title='bbox 459 888 574 955; x_wconf 89' lang='lat' dir='ltr'>Patris</span> <span class='ocrx_word' id='word_1_19' title='bbox 592 888 700 956; x_wconf 89' lang='lat' dir='ltr'>nostri</span> <span class='ocrx_word' id='word_1_20' title='bbox 718 889 856 974; x_wconf 85' lang='lat' dir='ltr'>Ignatii,</span> 
     </span>
    </p>
   </div>
   <div class='ocr_carea' id='block_1_3' title="bbox 210 1003 1198 1206">
    <p class='ocr_par' dir='ltr' id='par_1_3' title="bbox 210 1003 1198 1206">
     <span class='ocr_line' id='line_1_5' title="bbox 743 1003 1198 1097; baseline 0.004 -24"><span class='ocrx_word' id='word_1_21' title='bbox 743 1003 922 1094; x_wconf 70' lang='lat' dir='ltr'>[joannes</span> <span class='ocrx_word' id='word_1_22' title='bbox 944 1005 1198 1097; x_wconf 75' lang='lat' dir='ltr'>Pocnucus.l⁶</span> 
     </span>
     <span class='ocr_line' id='line_1_6' title="bbox 210 1120 788 1206; baseline 0.01 -22"><span class='ocrx_word' id='word_1_23' title='bbox 210 1120 405 1206; x_wconf 75' lang='lat' dir='ltr'><em>Inscriptio.</em></span> <span class='ocrx_word' id='word_1_24' title='bbox 427 1121 522 1186; x_wconf 90' lang='lat' dir='ltr'>Patri</span> <span class='ocrx_word' id='word_1_25' title='bbox 538 1121 573 1187; x_wconf 93' lang='lat' dir='ltr'>d.</span> <span class='ocrx_word' id='word_1_26' title='bbox 593 1123 788 1190; x_wconf 87' lang='lat' dir='ltr'>Leonardo.</span> 
     </span>
    </p>
   </div>
   <div class='ocr_carea' id='block_1_4' title="bbox 716 1292 807 1374">
    <p class='ocr_par' dir='ltr' id='par_1_4' title="bbox 716 1292 807 1374">
     <span class='ocr_line' id='line_1_7' title="bbox 716 1292 807 1374; baseline -0.022 -1"><span class='ocrx_word' id='word_1_27' title='bbox 716 1292 807 1374; x_wconf 77' lang='lat'>22⁰1</span> 
     </span>
    </p>
   </div>
   <div class='ocr_carea' id='block_1_5' title="bbox 262 1375 1255 1521">
    <p class='ocr_par' dir='ltr' id='par_1_5' title="bbox 262 1375 1255 1521">
     <span class='ocr_line' id='line_1_8' title="bbox 262 1375 1255 1521; baseline 0.003 -23"><span class='ocrx_word' id='word_1_28' title='bbox 262 1375 654 1521; x_wconf 69' lang='lat' dir='ltr'>PATEIiJoANNES</span> <span class='ocrx_word' id='word_1_29' title='bbox 678 1434 740 1499; x_wconf 88' lang='lat' dir='ltr'>DE</span> <span class='ocrx_word' id='word_1_30' title='bbox 765 1434 992 1500; x_wconf 85' lang='lat' dir='ltr'>POLANCO</span> <span class='ocrx_word' id='word_1_31' title='bbox 1018 1435 1079 1500; x_wconf 90' lang='lat' dir='ltr'>EX</span> <span class='ocrx_word' id='word_1_32' title='bbox 1104 1435 1255 1502; x_wconf 88' lang='lat' dir='ltr'><strong>COMM.</strong></span> 
     </span>
    </p>
   </div>
   <div class='ocr_carea' id='block_1_6' title="bbox 472 1564 1161 1753">
    <p class='ocr_par' dir='ltr' id='par_1_6' title="bbox 472 1564 1161 1753">
     <span class='ocr_line' id='line_1_9' title="bbox 472 1564 1044 1647; baseline 0.007 -28"><span class='ocrx_word' id='word_1_33' title='bbox 472 1564 591 1620; x_wconf 78' lang='lat' dir='ltr'>Pnrm</span> <span class='ocrx_word' id='word_1_34' title='bbox 613 1564 833 1647; x_wconf 77' lang='lat' dir='ltr'>Leonnuoo</span> <span class='ocrx_word' id='word_1_35' title='bbox 853 1565 1044 1624; x_wconf 77' lang='lat' dir='ltr'>ressumo</span> 
     </span>
     <span class='ocr_line' id='line_1_10' title="bbox 535 1666 1161 1753; baseline 0.003 -16"><span class='ocrx_word' id='word_1_36' title='bbox 535 1695 623 1738; x_wconf 73' lang='lat' dir='ltr'>noua</span> <span class='ocrx_word' id='word_1_37' title='bbox 640 1695 947 1753; x_wconf 79' lang='lat' dir='ltr'>17novurmmS1551</span> <span class='ocrx_word' id='word_1_38' title='bbox 964 1683 984 1739; x_wconf 88' lang='lat'>¹.</span> <span class='ocrx_word' id='word_1_39' title='bbox 1157 1666 1161 1677; x_wconf 66' lang='grc'><strong>”</strong></span> 
     </span>
    </p>
   </div>
   <div class='ocr_carea' id='block_1_7' title="bbox 200 1807 1279 1894">
    <p class='ocr_par' dir='ltr' id='par_1_7' title="bbox 200 1807 1279 1894">
     <span class='ocr_line' id='line_1_11' title="bbox 200 1807 1279 1894; baseline 0.001 -31"><span class='ocrx_word' id='word_1_40' title='bbox 200 1883 204 1894; x_wconf 32' lang='lat'><em>¹</em></span> <span class='ocrx_word' id='word_1_41' title='bbox 239 1809 375 1863; x_wconf 73' lang='lat' dir='ltr'>Potestas</span> <span class='ocrx_word' id='word_1_42' title='bbox 383 1807 423 1879; x_wconf 84' lang='lat' dir='ltr'>fit</span> <span class='ocrx_word' id='word_1_43' title='bbox 437 1809 595 1862; x_wconf 64' lang='lat' dir='ltr'>enutriendi</span> <span class='ocrx_word' id='word_1_44' title='bbox 606 1807 837 1880; x_wconf 75' lang='lat' dir='ltr'><strong><em>professionem,</em></strong></span> <span class='ocrx_word' id='word_1_45' title='bbox 850 1808 971 1880; x_wconf 83' lang='lat' dir='ltr'>ejusque</span> <span class='ocrx_word' id='word_1_46' title='bbox 978 1807 1121 1881; x_wconf 85' lang='lat' dir='ltr'>formula</span> <span class='ocrx_word' id='word_1_47' title='bbox 1135 1809 1279 1864; x_wconf 73' lang='lat' dir='ltr'><em>mittitur.</em></span> 
     </span>
    </p>
   </div>
   <div class='ocr_carea' id='block_1_8' title="bbox 136 1932 1379 4221">
    <p class='ocr_par' dir='ltr' id='par_1_8' title="bbox 212 1932 442 2000">
     <span class='ocr_line' id='line_1_12' title="bbox 212 1932 442 2000; baseline -0.009 0"><span class='ocrx_word' id='word_1_48' title='bbox 212 1937 284 2000; x_wconf 84' lang='lat' dir='ltr'>Pax</span> <span class='ocrx_word' id='word_1_49' title='bbox 301 1932 442 2000; x_wconf 88' lang='lat' dir='ltr'>Christi.</span> 
     </span>
    </p>

    <p class='ocr_par' dir='ltr' id='par_1_9' title="bbox 210 2049 1123 2128">
     <span class='ocr_line' id='line_1_13' title="bbox 210 2049 1123 2128; baseline 0.004 -12"><span class='ocrx_word' id='word_1_50' title='bbox 210 2051 413 2118; x_wconf 88' lang='lat' dir='ltr'>Reverende</span> <span class='ocrx_word' id='word_1_51' title='bbox 426 2050 465 2128; x_wconf 51' lang='lat' dir='ltr'>¹in</span> <span class='ocrx_word' id='word_1_52' title='bbox 482 2051 547 2116; x_wconf 86' lang='lat' dir='ltr'>X.⁰</span> <span class='ocrx_word' id='word_1_53' title='bbox 567 2049 766 2117; x_wconf 83' lang='lat' dir='ltr'>charissime</span> <span class='ocrx_word' id='word_1_54' title='bbox 782 2051 919 2118; x_wconf 89' lang='lat' dir='ltr'>domine</span> <span class='ocrx_word' id='word_1_55' title='bbox 936 2052 1123 2120; x_wconf 87' lang='lat' dir='ltr'>Leonarde.</span> 
     </span>
    </p>

    <p class='ocr_par' dir='ltr' id='par_1_10' title="bbox 136 2165 1379 3640">
     <span class='ocr_line' id='line_1_14' title="bbox 208 2165 1376 2253; baseline 0.001 -21"><span class='ocrx_word' id='word_1_56' title='bbox 208 2165 344 2233; x_wconf 86' lang='lat' dir='ltr'>Placuit</span> <span class='ocrx_word' id='word_1_57' title='bbox 361 2165 454 2232; x_wconf 87' lang='lat' dir='ltr'>Patri</span> <span class='ocrx_word' id='word_1_58' title='bbox 470 2176 589 2233; x_wconf 90' lang='lat' dir='ltr'>nostro</span> <span class='ocrx_word' id='word_1_59' title='bbox 605 2165 744 2232; x_wconf 93' lang='lat' dir='ltr'>domino</span> <span class='ocrx_word' id='word_1_60' title='bbox 762 2167 895 2253; x_wconf 87' lang='lat' dir='ltr'>lgnatio</span> <span class='ocrx_word' id='word_1_61' title='bbox 912 2179 946 2235; x_wconf 90' lang='lat' dir='ltr'>et</span> <span class='ocrx_word' id='word_1_62' title='bbox 962 2166 1074 2234; x_wconf 92' lang='lat' dir='ltr'>visum</span> <span class='ocrx_word' id='word_1_63' title='bbox 1095 2176 1148 2234; x_wconf 89' lang='lat' dir='ltr'>est</span> <span class='ocrx_word' id='word_1_64' title='bbox 1171 2167 1207 2235; x_wconf 92' lang='lat' dir='ltr'>in</span> <span class='ocrx_word' id='word_1_65' title='bbox 1228 2168 1376 2234; x_wconf 90' lang='lat' dir='ltr'>Domino</span> 
     </span>
     <span class='ocr_line' id='line_1_15' title="bbox 139 2280 1376 2368; baseline 0 -18"><span class='ocrx_word' id='word_1_66' title='bbox 139 2281 315 2368; x_wconf 84' lang='lat' dir='ltr'>expedire,</span> <span class='ocrx_word' id='word_1_67' title='bbox 343 2292 391 2362; x_wconf 83' lang='lat' dir='ltr'>ut,</span> <span class='ocrx_word' id='word_1_68' title='bbox 418 2280 508 2347; x_wconf 90' lang='lat' dir='ltr'>sicut</span> <span class='ocrx_word' id='word_1_69' title='bbox 537 2280 676 2348; x_wconf 88' lang='lat' dir='ltr'>Parisiis</span> <span class='ocrx_word' id='word_1_70' title='bbox 699 2293 734 2348; x_wconf 93' lang='lat' dir='ltr'>et</span> <span class='ocrx_word' id='word_1_71' title='bbox 759 2281 918 2362; x_wconf 83' lang='lat' dir='ltr'>Louanii,</span> <span class='ocrx_word' id='word_1_72' title='bbox 947 2282 1148 2368; x_wconf 85' lang='lat' dir='ltr'>ingolstadii</span> <span class='ocrx_word' id='word_1_73' title='bbox 1173 2295 1207 2352; x_wconf 82' lang='lat' dir='ltr'>et</span> <span class='ocrx_word' id='word_1_74' title='bbox 1233 2283 1376 2365; x_wconf 88' lang='lat' dir='ltr'>Vienae,</span> 
     </span>
     <span class='ocr_line' id='line_1_16' title="bbox 140 2396 1377 2483; baseline 0.002 -21"><span class='ocrx_word' id='word_1_75' title='bbox 140 2396 264 2482; x_wconf 90' lang='lat' dir='ltr'>aliquis</span> <span class='ocrx_word' id='word_1_76' title='bbox 291 2407 384 2464; x_wconf 88' lang='lat' dir='ltr'>certe</span> <span class='ocrx_word' id='word_1_77' title='bbox 411 2396 658 2483; x_wconf 80' lang='lat' dir='ltr'>professionem</span> <span class='ocrx_word' id='word_1_78' title='bbox 686 2397 798 2463; x_wconf 91' lang='lat' dir='ltr'>emisit</span> <span class='ocrx_word' id='word_1_79' title='bbox 825 2417 868 2463; x_wconf 85' lang='lat' dir='ltr'>ex</span> <span class='ocrx_word' id='word_1_80' title='bbox 892 2397 1019 2464; x_wconf 88' lang='lat' dir='ltr'>nostris</span> <span class='ocrx_word' id='word_1_81' title='bbox 1043 2398 1217 2478; x_wconf 65' lang='lat' dir='ltr'>fratribus</span> <span class='ocrx_word' id='word_1_82' title='bbox 1243 2398 1293 2465; x_wconf 90' lang='lat' dir='ltr'>sic</span> <span class='ocrx_word' id='word_1_83' title='bbox 1318 2411 1377 2466; x_wconf 91' lang='lat' dir='ltr'>tua</span> 
     </span>
     <span class='ocr_line' id='line_1_17' title="bbox 139 2510 1376 2596; baseline 0.002 -16"><span class='ocrx_word' id='word_1_84' title='bbox 139 2510 217 2580; x_wconf 68' lang='lat' dir='ltr'><strong>R.⁶¹</strong></span> <span class='ocrx_word' id='word_1_85' title='bbox 233 2511 396 2580; x_wconf 87' lang='lat' dir='ltr'>Coloniae</span> <span class='ocrx_word' id='word_1_86' title='bbox 411 2511 555 2580; x_wconf 89' lang='lat' dir='ltr'>emittat.</span> <span class='ocrx_word' id='word_1_87' title='bbox 578 2511 724 2579; x_wconf 84' lang='lat' dir='ltr'>Mittitur</span> <span class='ocrx_word' id='word_1_88' title='bbox 741 2513 886 2580; x_wconf 81' lang='lat' dir='ltr'>formula</span> <span class='ocrx_word' id='word_1_89' title='bbox 910 2511 1101 2596; x_wconf 90' lang='lat' dir='ltr'>emittendi;</span> <span class='ocrx_word' id='word_1_90' title='bbox 1124 2515 1168 2582; x_wconf 92' lang='lat' dir='ltr'>de</span> <span class='ocrx_word' id='word_1_91' title='bbox 1191 2514 1376 2582; x_wconf 87' lang='lat' dir='ltr'>solennita-</span> 
     </span>
     <span class='ocr_line' id='line_1_18' title="bbox 141 2626 1376 2713; baseline 0.001 -18"><span class='ocrx_word' id='word_1_92' title='bbox 141 2629 233 2696; x_wconf 87' lang='lat' dir='ltr'>tibus</span> <span class='ocrx_word' id='word_1_93' title='bbox 249 2628 296 2694; x_wconf 91' lang='lat' dir='ltr'>nil</span> <span class='ocrx_word' id='word_1_94' title='bbox 312 2628 436 2708; x_wconf 88' lang='lat' dir='ltr'>scribo,</span> <span class='ocrx_word' id='word_1_95' title='bbox 455 2626 535 2713; x_wconf 90' lang='lat' dir='ltr'>quia</span> <span class='ocrx_word' id='word_1_96' title='bbox 552 2628 763 2695; x_wconf 87' lang='lat' dir='ltr'>necessariae</span> <span class='ocrx_word' id='word_1_97' title='bbox 780 2650 850 2694; x_wconf 93' lang='lat' dir='ltr'>non</span> <span class='ocrx_word' id='word_1_98' title='bbox 865 2640 947 2695; x_wconf 89' lang='lat' dir='ltr'>sunt</span> <span class='ocrx_word' id='word_1_99' title='bbox 958 2630 1019 2696; x_wconf 88' lang='lat' dir='ltr'>sed</span> <span class='ocrx_word' id='word_1_100' title='bbox 1032 2629 1256 2696; x_wconf 89' lang='lat' dir='ltr'>voluntariae.</span> <span class='ocrx_word' id='word_1_101' title='bbox 1273 2629 1376 2699; x_wconf 89' lang='lat' dir='ltr'>Pater</span> 
     </span>
     <span class='ocr_line' id='line_1_19' title="bbox 136 2741 1375 2830; baseline -0.002 -18"><span class='ocrx_word' id='word_1_102' title='bbox 136 2743 313 2812; x_wconf 87' lang='lat' dir='ltr'>Adrianus</span> <span class='ocrx_word' id='word_1_103' title='bbox 337 2765 475 2810; x_wconf 89' lang='lat' dir='ltr'>monere</span> <span class='ocrx_word' id='word_1_104' title='bbox 500 2743 635 2829; x_wconf 85' lang='lat' dir='ltr'>poterit,</span> <span class='ocrx_word' id='word_1_105' title='bbox 662 2743 787 2828; x_wconf 87' lang='lat' dir='ltr'>quibus</span> <span class='ocrx_word' id='word_1_106' title='bbox 808 2741 880 2830; x_wconf 89' lang='lat' dir='ltr'>ipse</span> <span class='ocrx_word' id='word_1_107' title='bbox 902 2744 1004 2812; x_wconf 84' lang='lat' dir='ltr'>luerit</span> <span class='ocrx_word' id='word_1_108' title='bbox 1026 2766 1117 2811; x_wconf 79' lang='lat' dir='ltr'>usus,</span> <span class='ocrx_word' id='word_1_109' title='bbox 1142 2745 1238 2812; x_wconf 88' lang='lat' dir='ltr'>Licet</span> <span class='ocrx_word' id='word_1_110' title='bbox 1260 2756 1375 2812; x_wconf 87' lang='lat' dir='ltr'>autem</span> 
     </span>
     <span class='ocr_line' id='line_1_20' title="bbox 136 2857 1377 2946; baseline 0.002 -21"><span class='ocrx_word' id='word_1_111' title='bbox 136 2872 197 2927; x_wconf 88' lang='lat' dir='ltr'>tua</span> <span class='ocrx_word' id='word_1_112' title='bbox 217 2857 294 2926; x_wconf 50' lang='lat' dir='ltr'>Rs</span> <span class='ocrx_word' id='word_1_113' title='bbox 313 2879 335 2942; x_wconf 87' lang='lat'>4</span> <span class='ocrx_word' id='word_1_114' title='bbox 357 2880 467 2926; x_wconf 88' lang='lat' dir='ltr'>annos</span> <span class='ocrx_word' id='word_1_115' title='bbox 489 2859 642 2926; x_wconf 82' lang='lat' dir='ltr'>fortassis</span> <span class='ocrx_word' id='word_1_116' title='bbox 661 2859 776 2926; x_wconf 89' lang='lat' dir='ltr'>studio</span> <span class='ocrx_word' id='word_1_117' title='bbox 801 2860 996 2946; x_wconf 87' lang='lat' dir='ltr'>theologiae</span> <span class='ocrx_word' id='word_1_118' title='bbox 1019 2883 1087 2926; x_wconf 90' lang='lat' dir='ltr'>non</span> <span class='ocrx_word' id='word_1_119' title='bbox 1113 2861 1246 2928; x_wconf 87' lang='lat' dir='ltr'>dederit</span> <span class='ocrx_word' id='word_1_120' title='bbox 1271 2863 1377 2946; x_wconf 78' lang='lat' dir='ltr'>(quod</span> 
     </span>
     <span class='ocr_line' id='line_1_21' title="bbox 137 2975 1378 3062; baseline 0.002 -22"><span class='ocrx_word' id='word_1_121' title='bbox 137 2986 273 3061; x_wconf 88' lang='lat' dir='ltr'>tempus</span> <span class='ocrx_word' id='word_1_122' title='bbox 289 2975 384 3042; x_wconf 85' lang='lat' dir='ltr'>iuxta</span> <span class='ocrx_word' id='word_1_123' title='bbox 400 2975 673 3042; x_wconf 90' lang='lat' dir='ltr'>Constitutiones</span> <span class='ocrx_word' id='word_1_124' title='bbox 689 2975 851 3062; x_wconf 87' lang='lat' dir='ltr'>exigitur,</span> <span class='ocrx_word' id='word_1_125' title='bbox 870 2975 949 3044; x_wconf 90' lang='lat' dir='ltr'>licet</span> <span class='ocrx_word' id='word_1_126' title='bbox 962 2975 1207 3062; x_wconf 89' lang='lat' dir='ltr'>dispensationi</span> <span class='ocrx_word' id='word_1_127' title='bbox 1220 2975 1264 3042; x_wconf 87' lang='lat' dir='ltr'>sit</span> <span class='ocrx_word' id='word_1_128' title='bbox 1279 2978 1378 3044; x_wconf 87' lang='lat' dir='ltr'>locus</span> 
     </span>
     <span class='ocr_line' id='line_1_22' title="bbox 136 3065 1377 3178; baseline 0.002 -22"><span class='ocrx_word' id='word_1_129' title='bbox 136 3091 172 3157; x_wconf 92' lang='lat' dir='ltr'>in</span> <span class='ocrx_word' id='word_1_130' title='bbox 188 3093 277 3160; x_wconf 89' lang='lat' dir='ltr'>bene</span> <span class='ocrx_word' id='word_1_131' title='bbox 294 3089 423 3158; x_wconf 87' lang='lat' dir='ltr'>meritis</span> <span class='ocrx_word' id='word_1_132' title='bbox 440 3102 475 3160; x_wconf 87' lang='lat' dir='ltr'>ct</span> <span class='ocrx_word' id='word_1_133' title='bbox 491 3091 549 3176; x_wconf 93' lang='lat' dir='ltr'>qui</span> <span class='ocrx_word' id='word_1_134' title='bbox 565 3065 639 3158; x_wconf 78' lang='lat' dir='ltr'>aliis</span> <span class='ocrx_word' id='word_1_135' title='bbox 655 3090 720 3159; x_wconf 90' lang='lat' dir='ltr'>Dei</span> <span class='ocrx_word' id='word_1_136' title='bbox 737 3091 836 3158; x_wconf 92' lang='lat' dir='ltr'>donis</span> <span class='ocrx_word' id='word_1_137' title='bbox 858 3089 1009 3158; x_wconf 91' lang='lat' dir='ltr'>studium</span> <span class='ocrx_word' id='word_1_138' title='bbox 1031 3093 1279 3178; x_wconf 86' lang='lat' dir='ltr'>compensant),</span> <span class='ocrx_word' id='word_1_139' title='bbox 1307 3115 1377 3160; x_wconf 90' lang='lat' dir='ltr'>non</span> 
     </span>
     <span class='ocr_line' id='line_1_23' title="bbox 136 3205 1377 3294; baseline 0.001 -21"><span class='ocrx_word' id='word_1_140' title='bbox 136 3218 191 3274; x_wconf 89' lang='lat' dir='ltr'>est</span> <span class='ocrx_word' id='word_1_141' title='bbox 206 3207 299 3293; x_wconf 92' lang='lat' dir='ltr'>quod</span> <span class='ocrx_word' id='word_1_142' title='bbox 317 3205 459 3275; x_wconf 88' lang='lat' dir='ltr'>ulterius</span> <span class='ocrx_word' id='word_1_143' title='bbox 476 3217 665 3292; x_wconf 86' lang='lat' dir='ltr'>exspectes;</span> <span class='ocrx_word' id='word_1_144' title='bbox 685 3206 745 3274; x_wconf 87' lang='lat' dir='ltr'>sed</span> <span class='ocrx_word' id='word_1_145' title='bbox 761 3205 870 3293; x_wconf 84' lang='lat' dir='ltr'>eligas</span> <span class='ocrx_word' id='word_1_146' title='bbox 886 3206 996 3272; x_wconf 90' lang='lat' dir='ltr'>virum</span> <span class='ocrx_word' id='word_1_147' title='bbox 1014 3206 1174 3291; x_wconf 83' lang='lat' dir='ltr'>aliquem,</span> <span class='ocrx_word' id='word_1_148' title='bbox 1195 3209 1249 3276; x_wconf 89' lang='lat' dir='ltr'>vel</span> <span class='ocrx_word' id='word_1_149' title='bbox 1263 3209 1377 3294; x_wconf 88' lang='lat' dir='ltr'>prela-</span> 
     </span>
     <span class='ocr_line' id='line_1_24' title="bbox 138 3315 1376 3408; baseline 0 -20"><span class='ocrx_word' id='word_1_150' title='bbox 138 3334 224 3405; x_wconf 90' lang='lat' dir='ltr'>tum,</span> <span class='ocrx_word' id='word_1_151' title='bbox 242 3324 298 3391; x_wconf 84' lang='lat' dir='ltr'>vel</span> <span class='ocrx_word' id='word_1_152' title='bbox 313 3343 554 3408; x_wconf 87' lang='lat' dir='ltr'>quemcunque</span> <span class='ocrx_word' id='word_1_153' title='bbox 572 3333 630 3389; x_wconf 86' lang='lat' dir='ltr'>tua</span> <span class='ocrx_word' id='word_1_154' title='bbox 648 3321 723 3388; x_wconf 52' lang='grc' dir='ltr'>ΙΝ*</span> <span class='ocrx_word' id='word_1_155' title='bbox 739 3321 862 3390; x_wconf 89' lang='lat' dir='ltr'>adhoc</span> <span class='ocrx_word' id='word_1_156' title='bbox 880 3315 1005 3388; x_wconf 86' lang='lat' dir='ltr'>munus</span> <span class='ocrx_word' id='word_1_157' title='bbox 1021 3322 1183 3390; x_wconf 87' lang='lat' dir='ltr'>idoneum</span> <span class='ocrx_word' id='word_1_158' title='bbox 1197 3323 1376 3403; x_wconf 82' lang='lat' dir='ltr'>iudicabit,</span> 
     </span>
     <span class='ocr_line' id='line_1_25' title="bbox 137 3436 1379 3523; baseline -0.001 -18"><span class='ocrx_word' id='word_1_159' title='bbox 137 3449 172 3506; x_wconf 91' lang='lat' dir='ltr'>et</span> <span class='ocrx_word' id='word_1_160' title='bbox 188 3436 224 3504; x_wconf 94' lang='lat' dir='ltr'>in</span> <span class='ocrx_word' id='word_1_161' title='bbox 240 3438 315 3506; x_wconf 87' lang='lat' dir='ltr'>eius</span> <span class='ocrx_word' id='word_1_162' title='bbox 331 3438 489 3505; x_wconf 88' lang='lat' dir='ltr'>manibus</span> <span class='ocrx_word' id='word_1_163' title='bbox 506 3437 752 3523; x_wconf 82' lang='lat' dir='ltr'>professionem</span> <span class='ocrx_word' id='word_1_164' title='bbox 769 3437 916 3504; x_wconf 88' lang='lat' dir='ltr'>emittas.</span> <span class='ocrx_word' id='word_1_165' title='bbox 936 3439 980 3504; x_wconf 91' lang='lat' dir='ltr'>Et</span> <span class='ocrx_word' id='word_1_166' title='bbox 1000 3437 1169 3504; x_wconf 90' lang='lat' dir='ltr'>Dominus</span> <span class='ocrx_word' id='word_1_167' title='bbox 1192 3438 1379 3508; x_wconf 89' lang='lat' dir='ltr'>vniuerso-</span> 
     </span>
     <span class='ocr_line' id='line_1_26' title="bbox 138 3553 1090 3640; baseline -0.001 -20"><span class='ocrx_word' id='word_1_168' title='bbox 138 3575 214 3620; x_wconf 86' lang='lat' dir='ltr'>rum</span> <span class='ocrx_word' id='word_1_169' title='bbox 230 3554 274 3620; x_wconf 86' lang='lat' dir='ltr'>ad</span> <span class='ocrx_word' id='word_1_170' title='bbox 289 3555 425 3621; x_wconf 89' lang='lat' dir='ltr'>laudem</span> <span class='ocrx_word' id='word_1_171' title='bbox 442 3563 477 3621; x_wconf 88' lang='lat' dir='ltr'>et</span> <span class='ocrx_word' id='word_1_172' title='bbox 494 3553 637 3640; x_wconf 86' lang='lat' dir='ltr'>gloriam</span> <span class='ocrx_word' id='word_1_173' title='bbox 654 3575 750 3619; x_wconf 90' lang='lat' dir='ltr'>suam</span> <span class='ocrx_word' id='word_1_174' title='bbox 769 3553 803 3619; x_wconf 93' lang='lat' dir='ltr'>id</span> <span class='ocrx_word' id='word_1_175' title='bbox 820 3564 944 3622; x_wconf 88' lang='lat' dir='ltr'>vertat.</span> <span class='ocrx_word' id='word_1_176' title='bbox 964 3555 1090 3620; x_wconf 83' lang='lat' dir='ltr'>Amen.</span> 
     </span>
    </p>

    <p class='ocr_par' dir='ltr' id='par_1_11' title="bbox 208 3668 738 3753">
     <span class='ocr_line' id='line_1_27' title="bbox 208 3668 738 3753; baseline -0.004 -15"><span class='ocrx_word' id='word_1_177' title='bbox 208 3671 339 3738; x_wconf 88' lang='lat' dir='ltr'>Romae</span> <span class='ocrx_word' id='word_1_178' title='bbox 361 3685 398 3752; x_wconf 89' lang='lat'>17</span> <span class='ocrx_word' id='word_1_179' title='bbox 415 3668 622 3736; x_wconf 89' lang='lat' dir='ltr'>Nouembris</span> <span class='ocrx_word' id='word_1_180' title='bbox 643 3685 738 3753; x_wconf 83' lang='lat'>1551.</span> 
     </span>
    </p>

    <p class='ocr_par' dir='ltr' id='par_1_12' title="bbox 207 3784 690 3854">
     <span class='ocr_line' id='line_1_28' title="bbox 207 3784 690 3854; baseline -0.002 -1"><span class='ocrx_word' id='word_1_181' title='bbox 207 3788 305 3854; x_wconf 89' lang='lat' dir='ltr'>Tuae</span> <span class='ocrx_word' id='word_1_182' title='bbox 321 3784 411 3852; x_wconf 50' lang='lat' dir='ltr'>Rea*</span> <span class='ocrx_word' id='word_1_183' title='bbox 427 3806 550 3854; x_wconf 88' lang='lat' dir='ltr'>seruus</span> <span class='ocrx_word' id='word_1_184' title='bbox 566 3785 600 3850; x_wconf 93' lang='lat' dir='ltr'>in</span> <span class='ocrx_word' id='word_1_185' title='bbox 617 3788 690 3852; x_wconf 77' lang='lat' dir='ltr'>X.¹⁰</span> 
     </span>
    </p>

    <p class='ocr_par' dir='ltr' id='par_1_13' title="bbox 208 3900 990 3988">
     <span class='ocr_line' id='line_1_29' title="bbox 208 3900 990 3988; baseline -0.004 -19"><span class='ocrx_word' id='word_1_186' title='bbox 208 3905 262 3969; x_wconf 86' lang='lat' dir='ltr'>De</span> <span class='ocrx_word' id='word_1_187' title='bbox 278 3901 440 3968; x_wconf 90' lang='lat' dir='ltr'>mandato</span> <span class='ocrx_word' id='word_1_188' title='bbox 457 3900 568 3966; x_wconf 88' lang='lat' dir='ltr'>Patris</span> <span class='ocrx_word' id='word_1_189' title='bbox 586 3901 692 3968; x_wconf 87' lang='lat' dir='ltr'>nostri</span> <span class='ocrx_word' id='word_1_190' title='bbox 708 3900 836 3968; x_wconf 90' lang='lat' dir='ltr'>domini</span> <span class='ocrx_word' id='word_1_191' title='bbox 854 3901 990 3988; x_wconf 87' lang='lat' dir='ltr'>Ignatii,</span> 
     </span>
    </p>

    <p class='ocr_par' dir='ltr' id='par_1_14' title="bbox 797 4019 1224 4105">
     <span class='ocr_line' id='line_1_30' title="bbox 797 4019 1224 4105; baseline 0 -21"><span class='ocrx_word' id='word_1_192' title='bbox 797 4020 963 4105; x_wconf 77' lang='lat' dir='ltr'>Jonuuss</span> <span class='ocrx_word' id='word_1_193' title='bbox 988 4019 1224 4085; x_wconf 74' lang='lat' dir='ltr'>Focaneus·</span> 
     </span>
    </p>

    <p class='ocr_par' dir='ltr' id='par_1_15' title="bbox 208 4130 1377 4221">
     <span class='ocr_line' id='line_1_31' title="bbox 208 4130 1377 4221; baseline -0.001 -23"><span class='ocrx_word' id='word_1_194' title='bbox 208 4134 403 4218; x_wconf 80' lang='lat' dir='ltr'>Inscriptio,</span> <span class='ocrx_word' id='word_1_195' title='bbox 423 4130 499 4199; x_wconf 67' lang='lat' dir='ltr'>R.d⁰</span> <span class='ocrx_word' id='word_1_196' title='bbox 518 4133 554 4200; x_wconf 87' lang='lat' dir='ltr'>P.</span> <span class='ocrx_word' id='word_1_197' title='bbox 568 4131 706 4200; x_wconf 93' lang='lat' dir='ltr'>domino</span> <span class='ocrx_word' id='word_1_198' title='bbox 720 4134 898 4200; x_wconf 88' lang='lat' dir='ltr'>Leonardo</span> <span class='ocrx_word' id='word_1_199' title='bbox 910 4133 1030 4200; x_wconf 89' lang='lat' dir='ltr'>Kessel</span> <span class='ocrx_word' id='word_1_200' title='bbox 1042 4134 1085 4199; x_wconf 90' lang='lat' dir='ltr'>de</span> <span class='ocrx_word' id='word_1_201' title='bbox 1098 4133 1270 4201; x_wconf 87' lang='lat' dir='ltr'>Societate</span> <span class='ocrx_word' id='word_1_202' title='bbox 1279 4135 1377 4221; x_wconf 89' lang='lat' dir='ltr'>Jesu.</span> 
     </span>
    </p>
   </div>
   <div class='ocr_carea' id='block_1_9' title="bbox 193 4356 556 4411">
    <p class='ocr_par' dir='ltr' id='par_1_16' title="bbox 193 4356 556 4411">
     <span class='ocr_line' id='line_1_32' title="bbox 193 4356 556 4411; baseline 0 0"><span class='ocrx_word' id='word_1_203' title='bbox 193 4371 206 4400; x_wconf 62' lang='grc' dir='ltr'>ε</span> <span class='ocrx_word' id='word_1_204' title='bbox 243 4356 366 4411; x_wconf 80' lang='lat' dir='ltr'>Abscisa</span> <span class='ocrx_word' id='word_1_205' title='bbox 381 4359 423 4411; x_wconf 79' lang='lat' dir='ltr'>est</span> <span class='ocrx_word' id='word_1_206' title='bbox 436 4356 556 4411; x_wconf 78' lang='lat' dir='ltr'>charta.</span> 
     </span>
    </p>
   </div>
   <div class='ocr_carea' id='block_1_10' title="bbox 140 4551 1378 4806">
    <p class='ocr_par' dir='ltr' id='par_1_17' title="bbox 140 4551 1378 4806">
     <span class='ocr_line' id='line_1_33' title="bbox 190 4551 1378 4628; baseline 0 -19"><span class='ocrx_word' id='word_1_207' title='bbox 190 4557 197 4588; x_wconf 87' lang='lat'><strong>¹</strong></span> <span class='ocrx_word' id='word_1_208' title='bbox 239 4553 284 4610; x_wconf 84' lang='lat' dir='ltr'>Ex</span> <span class='ocrx_word' id='word_1_209' title='bbox 297 4553 613 4628; x_wconf 68' lang='lat' dir='ltr'>apographqin&#39;Cod.</span> <span class='ocrx_word' id='word_1_210' title='bbox 634 4551 737 4608; x_wconf 80' lang='lat' dir='ltr'>Coton.</span> <span class='ocrx_word' id='word_1_211' title='bbox 754 4553 812 4618; x_wconf 84' lang='lat' dir='ltr'>Ill,</span> <span class='ocrx_word' id='word_1_212' title='bbox 826 4551 877 4610; x_wconf 83' lang='lat' dir='ltr'>fol.</span> <span class='ocrx_word' id='word_1_213' title='bbox 891 4565 951 4622; x_wconf 80' lang='lat'>751.</span> <span class='ocrx_word' id='word_1_214' title='bbox 967 4553 1031 4608; x_wconf 90' lang='lat' dir='ltr'>Hoc</span> <span class='ocrx_word' id='word_1_215' title='bbox 1046 4561 1267 4608; x_wconf 86' lang='lat' dir='ltr'>monumentum</span> <span class='ocrx_word' id='word_1_216' title='bbox 1285 4552 1378 4609; x_wconf 88' lang='lat' dir='ltr'>edidit</span> 
     </span>
     <span class='ocr_line' id='line_1_34' title="bbox 140 4641 1377 4716; baseline -0.004 -15"><span class='ocrx_word' id='word_1_217' title='bbox 140 4643 288 4716; x_wconf 71' lang='lat' dir='ltr'>Hanssstt,</span> <span class='ocrx_word' id='word_1_218' title='bbox 306 4661 358 4714; x_wconf 83' lang='lat' dir='ltr'>op.</span> <span class='ocrx_word' id='word_1_219' title='bbox 378 4641 441 4714; x_wconf 73' lang='lat' dir='ltr'>eit„</span> <span class='ocrx_word' id='word_1_220' title='bbox 464 4659 531 4715; x_wconf 83' lang='lat' dir='ltr'>pag.</span> <span class='ocrx_word' id='word_1_221' title='bbox 555 4642 615 4698; x_wconf 92' lang='lat'>180.</span> <span class='ocrx_word' id='word_1_222' title='bbox 636 4642 706 4713; x_wconf 86' lang='lat' dir='ltr'>Ejus</span> <span class='ocrx_word' id='word_1_223' title='bbox 725 4643 914 4698; x_wconf 82' lang='lat' dir='ltr'>summarium</span> <span class='ocrx_word' id='word_1_224' title='bbox 937 4651 1035 4696; x_wconf 87' lang='lat' dir='ltr'>exstat</span> <span class='ocrx_word' id='word_1_225' title='bbox 1051 4641 1079 4697; x_wconf 93' lang='lat' dir='ltr'>in</span> <span class='ocrx_word' id='word_1_226' title='bbox 1093 4641 1195 4696; x_wconf 89' lang='lat' dir='ltr'>codice</span> <span class='ocrx_word' id='word_1_227' title='bbox 1214 4642 1331 4714; x_wconf 81' lang='lat' dir='ltr'>Regest.</span> <span class='ocrx_word' id='word_1_228' title='bbox 1352 4642 1377 4707; x_wconf 82' lang='lat' dir='ltr'>I,</span> 
     </span>
     <span class='ocr_line' id='line_1_35' title="bbox 143 4727 876 4806; baseline -0.014 -15"><span class='ocrx_word' id='word_1_229' title='bbox 143 4735 195 4793; x_wconf 79' lang='lat' dir='ltr'>fol.</span> <span class='ocrx_word' id='word_1_230' title='bbox 211 4747 293 4806; x_wconf 77' lang='lat' dir='ltr'><strong>127v‚</strong></span> <span class='ocrx_word' id='word_1_231' title='bbox 309 4751 391 4790; x_wconf 81' lang='lat' dir='ltr'>vers.</span> <span class='ocrx_word' id='word_1_232' title='bbox 409 4732 445 4788; x_wconf 85' lang='grc'>38</span> <span class='ocrx_word' id='word_1_233' title='bbox 459 4739 489 4788; x_wconf 84' lang='lat' dir='ltr'>et</span> <span class='ocrx_word' id='word_1_234' title='bbox 502 4731 548 4802; x_wconf 87' lang='lat'>39.</span> <span class='ocrx_word' id='word_1_235' title='bbox 873 4727 876 4734; x_wconf 90' lang='lat'>&#39;</span> 
     </span>
    </p>
   </div>
   <div class='ocr_carea' id='block_1_11' title="bbox 0 0 1741 5418">
    <p class='ocr_par' dir='ltr' id='par_1_18' title="bbox 0 0 1741 5418">
     <span class='ocr_line' id='line_1_36' title="bbox 0 0 1741 5418; baseline 0 0"><span class='ocrx_word' id='word_1_236' title='bbox 0 0 1741 5418; x_wconf 95' lang='lat' dir='ltr'> </span> 
     </span>
    </p>
   </div>
  </div>
 </body>
</html>
