3454 5418
408 453 463 509 ⁶60
788 456 997 519 Mortuusnrr
1016 455 1196 510 [narramur

373 607 493 674 lastica
509 604 774 675 exercitamenta
791 609 999 696 excolerent,
1017 617 1052 674 et
1067 607 1205 674 eosdem
1222 607 1266 673 ad
1282 605 1443 692 pietatem
1455 627 1579 679 morum,

374 722 618 809 predicatione,
649 735 684 790 et
710 733 1000 790 sacramentorum
1024 745 1088 790 vsu
1116 734 1151 789 et
1174 722 1266 789 vitae
1296 721 1398 788 etiam
1430 723 1578 808 exemplo,

274 845 278 853 '
373 840 575 906 formarent.
593 839 683 906 Cum
700 852 815 908 autem
832 839 1065 926 prouectiores
1077 852 1194 907 essent
1206 837 1242 904 in
1255 837 1453 906 huiusmodi
1464 837 1579 911 litteris,

372 967 407 1022 et
431 953 515 1022 satis
539 955 629 1021 iusta
652 955 836 1022 multitudo
859 956 902 1021 ad
925 954 1050 1021 artium
1078 975 1217 1021 cursum
1241 954 1469 1020 inchoandum
1492 967 1577 1031 esset,

372 1083 455 1138 tunc
476 1082 510 1139 et
526 1091 590 1138 nos
612 1080 848 1157 preceptorem
870 1070 906 1137 in
922 1070 1111 1151 dialectica,
1138 1081 1173 1136 et
1196 1069 1422 1155 sequentibus
1443 1071 1533 1136 annis
1552 1070 1578 1134 in

372 1185 584 1272 philosophia
599 1188 772 1266 daremuS,
797 1185 844 1252 ita
861 1197 897 1252 vt
918 1187 1064 1272 singulis
1089 1175 1224 1254 annisa
1246 1185 1368 1254 litteris
1392 1185 1579 1252 humaniori-

370 1303 436 1368 bus
452 1303 567 1388 aliqua
582 1302 766 1368 multitudo
782 1325 824 1370 ex
840 1301 1084 1370 eruditioribus
1099 1302 1142 1368 ad
1158 1302 1308 1388 logicen,
1326 1313 1362 1367 et
1378 1325 1421 1370 ex
1436 1324 1475 1370 ea
1489 1303 1527 1368 ad
1537 1301 1578 1364 vl-

371 1417 513 1486 teriores
528 1417 764 1504 philosophiae
780 1429 895 1504 partes
911 1428 1027 1503 posset
1051 1419 1297 1485 conscendere.
1324 1418 1398 1484 Erit
1422 1431 1527 1484 autem
1547 1439 1577 1482 ea

369 1553 453 1600 cura
469 1532 558 1600 inter
574 1533 702 1620 primas
718 1534 879 1600 omnibus
896 1533 949 1600 his
965 1533 1237 1620 preceptoribus
1255 1543 1292 1598 vt
1304 1519 1415 1602 obitei
1431 1531 1579 1619 igniculos

367 1650 534 1732 quosdam
564 1648 685 1728 animis
713 1649 878 1716 iuuenum
908 1649 1071 1729 inserant,
1099 1661 1134 1715 vt
1159 1651 1202 1716 ad
1230 1649 1428 1735 theologiae
1450 1670 1577 1716 amorem

368 1763 478 1851 magis
494 1777 597 1850 atque
614 1764 725 1852 magis
741 1764 950 1832 incalescant
966 1776 1001 1832 et
1017 1765 1248 1845 inflamentur,
1263 1775 1297 1833 et
1310 1765 1453 1845 adeam,
1467 1763 1577 1832 vtalio·

369 1901 444 1947 rum
461 1880 654 1947 studiorum
671 1881 787 1961 linem,
813 1903 941 1968 magno
957 1901 1035 1948 cum
1061 1881 1244 1961 desiderio,
1268 1892 1452 1966 antequam
1472 1901 1576 1968 perue-

368 1993 476 2075 niant,
495 1995 668 2064 anhelent.
688 1995 874 2080 Postquam
891 2007 1007 2062 autem
1023 1995 1263 2082 philosophiae
1279 2017 1402 2062 cursus
1422 1995 1577 2061 absolutus

368 2108 485 2190 fuerit,
505 2121 588 2177 tunc
604 2111 756 2191 demum,
771 2111 829 2196 qui
843 2110 1054 2178 absoluerint
1066 2133 1205 2204 cursum
1219 2110 1426 2198 theologiae,
1440 2131 1574 2186 numero,

367 2225 395 2291 si
412 2224 486 2294 fieri
503 2236 628 2313 potest,
648 2248 718 2292 non
734 2226 846 2312 pauci,
870 2229 997 2295 affectu
1021 2227 1208 2293 voluntatis
1231 2226 1405 2314 propensi,
1429 2225 1575 2294 inferiori-

367 2343 432 2408 bus
449 2339 637 2428 disciplinis
653 2340 793 2422 exculti,
813 2341 1064 2428 ingredientur,
1083 2354 1118 2408 et
1134 2341 1176 2408 iis
1197 2329 1279 2428 ipsis
1298 2340 1457 2410 doctores
1478 2340 1574 2428 proui-

364 2459 458 2538 dere,
476 2459 542 2524 sub
558 2457 685 2542 quibus
701 2457 790 2524 serio
807 2458 1003 2545 theologiae
1027 2461 1110 2528 dent
1133 2473 1283 2544 operam,
1308 2470 1344 2526 et
1364 2458 1400 2524 in
1421 2459 1529 2528 eadem
1547 2478 1574 2522 se

364 2575 568 2653 exercendo,
596 2595 665 2640 non
689 2574 879 2642 mediocres
903 2596 1106 2660 progressus
1130 2574 1273 2655 faciant,
1298 2575 1505 2640 curabimus.
1530 2571 1574 2640 Sic

363 2691 473 2770 fieret,
498 2689 607 2759 lllme.
625 2688 798 2775 princepS,
824 2689 941 2758 diuina
964 2690 1281 2776 aspirantegratia,
1309 2700 1346 2756 vt
1369 2701 1446 2777 post
1469 2709 1574 2776 paucos

363 2826 471 2872 annos
487 2803 621 2891 plurimi
640 2804 804 2892 theologi,
823 2817 858 2871 et
873 2805 1015 2892 egregie
1031 2805 1122 2872 inea
1138 2807 1301 2874 facultate
1316 2818 1352 2874 et
1369 2807 1444 2874 aliis
1458 2803 1572 2871 inferio·

363 2920 457 2987 ribus
474 2919 662 3000 exercitati,
681 2919 842 2988 hereticis
859 2919 1030 3002 resistere,
1049 2933 1084 2989 et
1107 2921 1296 3016 catholicos
1319 2919 1524 2999 confirmare,
1545 2933 1571 2986 et

362 3057 442 3104 cum
462 3039 575 3102 fructu
598 3035 766 3122 spirituali
787 3035 997 3129 concionari,
1022 3049 1057 3104 et
1073 3037 1262 3104 animarum
1279 3057 1398 3103 curam
1415 3057 1511 3123 agere
1524 3056 1572 3120 per

362 3151 475 3220 omnia
495 3153 570 3218 loca
589 3151 754 3218 Bauariae
771 3151 915 3236 possint,
934 3162 969 3220 et
990 3151 1222 3232 seminarium,
1246 3151 1483 3220 inexhaustum
1502 3170 1570 3235 quo—

362 3267 565 3348 dammod0,
595 3266 797 3354 lngolstadii
823 3279 940 3336 essent
967 3267 1164 3334 huiusmodi
1192 3269 1375 3334 doctorum
1403 3280 1437 3335 et
1461 3265 1571 3354 piorum

363 3383 553 3463 hominum,
572 3393 607 3448 et
622 3383 759 3450 floreret
775 3406 816 3450 ea
831 3383 1037 3450 vniuersitas
1053 3382 1255 3450 eruditionis
1266 3397 1301 3450 et
1313 3384 1476 3451 virtutum
1487 3401 1574 3448 oma-

366 3499 501 3566 mentis:
528 3521 597 3565 non
621 3499 712 3564 enim
737 3497 848 3564 minor
872 3498 1025 3566 adhiberi
1048 3519 1131 3566 cura
1154 3499 1247 3566 vitae
1264 3499 1470 3580 formandae,
1485 3515 1574 3581 quam

364 3613 541 3683 doctrinae
556 3615 739 3700 parandae,
760 3614 794 3680 in
811 3612 938 3681 nostris
954 3612 1109 3700 collegiis
1125 3616 1223 3682 solet.
1469 3691 1471 3696 Ι

430 3729 501 3815 Qui
523 3727 613 3798 enim
638 3730 680 3794 ad
702 3728 866 3796 lectiones
888 3729 1044 3796 assiduas
1060 3729 1158 3815 pueri
1176 3731 1229 3797 vel
1245 3730 1391 3799 iuuenes
1407 3728 1574 3798 admittun-

287 3930 289 3938 .
364 3860 434 3926 tur,
454 3845 548 3932 prius
563 3844 802 3912 examinantur
819 3866 862 3910 an
887 3845 1143 3931 preceptoribus
1160 3846 1299 3914 obedire
1320 3845 1425 3927 iniis,
1444 3865 1522 3930 quae
1539 3842 1572 3906 ad

361 3960 552 4028 doctrinam
569 3972 604 4028 et
619 3982 731 4028 mores
748 3959 906 4040 attinent,
925 3971 960 4027 et
977 3959 1092 4045 quiete
1108 3983 1148 4026 ac
1164 3963 1307 4029 honeste
1324 3960 1513 4030 conuersari
1524 3978 1570 4022 re-

362 4077 437 4143 lint:
457 4088 491 4145 et
508 4076 536 4142 si
552 4077 641 4144 bene
658 4075 910 4161 responderint,
929 4075 979 4144 eis
994 4074 1210 4161 significatur
1226 4077 1320 4162 quod
1336 4079 1456 4146 saltem
1472 4075 1569 4160 singu·

364 4193 404 4260 lis
425 4192 601 4261 mensibus
621 4192 777 4258 confiteri
801 4213 862 4278 pro
886 4214 980 4261 more
1003 4193 1163 4273 debeant,
1189 4192 1336 4280 singulis
1358 4189 1525 4260 dominicis
1544 4199 1570 4254 et

364 4301 496 4376 festinis¹
511 4306 633 4374 diebus
649 4305 873 4392 predicationi
890 4318 924 4373 et
940 4306 1078 4372 lectioni
1098 4307 1275 4374 doctrinae
1295 4307 1449 4394 xpiane,
1470 4305 1570 4390 singu-

363 4425 405 4491 lis
421 4423 543 4492 diebus
559 4421 682 4491 missae
698 4421 868 4490 sacrificio
884 4422 1062 4488 interesse.
1082 4422 1140 4490 Sic
1157 4423 1208 4504 fit,
1227 4434 1264 4489 vt
1279 4443 1363 4490 cura
1379 4435 1413 4490 et
1430 4420 1569 4491 sollicitu-

363 4540 445 4608 dine
460 4548 699 4626 preceptorum
717 4536 752 4603 in
769 4538 919 4624 puritate
934 4537 1026 4605 vitae
1042 4552 1077 4604 et
1093 4538 1194 4604 simul
1210 4539 1245 4605 in
1262 4537 1384 4607 litteris
1400 4534 1568 4626 proficiant.

365 4657 408 4720 Et
424 4657 468 4722 ad
483 4653 730 4722 correctionem
746 4674 878 4734 eorum,
898 4652 1023 4738 quibus
1039 4655 1144 4721 verba
1160 4653 1243 4720 satis
1256 4677 1325 4720 non
1338 4667 1465 4735 essent,
1478 4652 1505 4718 in
1516 4651 1569 4714 hoc
