3486 5420
434 517 486 574 472
815 511 1023 570 Mouunrsura
1042 513 1222 570 Iounmun

465 663 554 729 Cum
572 687 592 730 a
609 664 708 730 nobis
726 665 842 731 habita
861 666 1024 734 facultate
1040 668 1097 735 uel
1109 667 1247 738 licentia
1259 669 1294 736 in
1312 671 1506 760 Hispaniam
1521 677 1600 762 profi·

397 777 548 858 ciscaris,
568 790 617 860 ut,
637 783 741 847 rebus
758 781 827 846 tuis
843 781 1023 864 ordinatiS,
1044 785 1087 850 ad
1102 785 1240 869 aliquod
1252 808 1295 853 ex
1308 787 1460 876 collegiis
1472 790 1601 860 Societa-

398 893 441 960 tis
458 907 597 962 nostrae
612 918 632 962 a
649 897 757 982 patria
774 908 807 963 te
824 897 996 985 conferas
1015 920 1078 967 nos
1094 899 1197 968 huius
1220 901 1378 974 licentiae
1399 906 1599 973 testimonium

397 1009 458 1075 tibi
475 1011 625 1077 dandum
642 1034 719 1080 esse
734 1013 908 1093 duximus
927 1024 962 1080 et
981 1025 1020 1079 ut
1036 1016 1261 1102 apraeposito
1272 1019 1308 1085 in
1325 1019 1488 1107 Hispania
1504 1022 1599 1090 Socie-

397 1124 475 1191 tatis
491 1136 641 1208 nostrae,
661 1129 716 1193 uel
733 1152 752 1194 a
770 1128 894 1212 quouis
911 1129 990 1210 aliu,
1015 1129 1073 1216 qui
1095 1131 1212 1198 domui
1233 1145 1292 1199 aut
1312 1135 1457 1223 collegio
1474 1137 1599 1222 particu-

394 1240 461 1349 lari
472 1243 610 1327 praesit,
624 1257 698 1327 ¹qua
714 1243 826 1323 decet,
842 1243 1057 1314 humanitate
1074 1257 1109 1314 et
1124 1247 1291 1316 charitate
1307 1249 1493 1337 excipiatis
1506 1253 1538 1318 in
1550 1255 1598 1319 do·

393 1355 485 1423 mino
496 1358 580 1446 Jesu
599 1369 633 1426 te
650 1360 927 1426 commendatum
948 1363 1122 1429 uolumus,

461 1474 545 1540 Vale
562 1475 596 1538 in
613 1475 733 1542 eodem
751 1475 889 1541 domino
902 1478 990 1564 Jesu
1005 1476 1070 1542 X.⁰

458 1591 589 1657 Romae
606 1611 666 1657 xvl
685 1591 849 1657 kalendas
860 1592 955 1679 Junii
977 1607 1074 1676 1551.

459 1705 502 1770 In
518 1699 693 1792 titargine.
715 1708 783 1771 Pro
800 1707 947 1773 Alfonso
962 1708 1007 1772 de
1024 1709 1148 1774 Henao
1165 1709 1409 1778 testimonium.

967 1877 1045 1959 tata

628 2019 817 2085 nomino
842 2020 1105 2088 ntpnouso
1130 2023 1192 2088 ms
1217 2004 1384 2091 nanno

833 2173 921 2215 noun
939 2174 971 2230 19
984 2175 1053 2228 MAJt
1074 2173 1140 2230 1551
1156 2161 1177 2220 ¹.
1270 2201 1274 2208 .

388 2295 527 2366 Epistola
540 2295 865 2369 officiosae-Rogana
877 2315 915 2351 no
929 2296 1002 2351 velit
1015 2301 1252 2369 nepotemsuum
1272 2317 1290 2352 a
1309 2300 1459 2356 sententia
1478 2298 1599 2372 monandi

818 2387 998 2442 Societatem
1011 2387 1189 2442 deturbare.

452 2521 672 2589 Auila.-Al
704 2522 983 2590 maestroschola.
1017 2523 1125 2606 Sopra
1152 2522 1175 2588 il
1203 2544 1266 2588 suo
1299 2535 1443 2609 nepote,
1472 2525 1595 2592 Alfonso

385 2637 418 2703 d'
436 2639 571 2718 Hena0,
592 2659 660 2720 una
675 2639 797 2704 lettera
813 2637 971 2718 offitiosa,
993 2649 1028 2701 et
1044 2613 1264 2703 essortatoria
1281 2639 1325 2704 ad
1346 2637 1476 2708 aiutare
1494 2650 1527 2707 et
1540 2658 1595 2704 non

384 2754 547 2839 impedire
563 2753 587 2820 li
604 2753 767 2840 propositi
784 2752 840 2818 del
857 2763 984 2838 nepote
1003 2756 1031 2817 ².

384 2979 486 3048 vellet,
501 2977 645 3032 Gandiam
660 2976 797 3047 primum,
812 2974 940 3047 indeque
956 2975 1079 3029 Romam
1094 2974 1213 3047 petivit.
1237 2975 1283 3030 De
1301 2989 1336 3029 eo
1353 2975 1415 3047 agit
1434 2977 1594 3039 Ponticus,

385 3065 509 3130 Clarum,
525 3065 561 3136 11,
579 3077 625 3119 101
641 3075 670 3119 et
687 3077 750 3118 102.
770 3063 858 3118 Anno
879 3075 948 3132 1554
965 3063 1042 3117 inter
1062 3061 1253 3118 scholasticos
1272 3061 1379 3118 matres
1400 3063 1514 3136 collegii
1533 3078 1595 3117 com·

382 3155 527 3228 plutensis
541 3155 762 3209 numerabatur.
782 3153 968 3218 PotittCtJS,
986 3151 1112 3216 Chron„
1127 3151 1258 3224 1V,407.

436 3339 444 3368 ¹
465 3335 509 3388 Ex
522 3332 626 3388 codiee
642 3332 765 3402 Regest.
782 3331 808 3398 J,
822 3329 873 3392 fol.
892 3342 973 3400 177v‚
988 3347 1067 3386 vers.
1080 3329 1114 3382 28
1126 3338 1157 3383 et
1170 3343 1218 3400 ²9·
1232 3327 1408 3404 scriptionis
1422 3341 1533 3404 tempus
1540 3345 1595 3384 con·

381 3411 440 3478 stat
453 3439 490 3478 ex
504 3421 630 3494 epistola
644 3419 844 3492 praecedenti,
859 3431 959 3476 annot.
979 3431 1003 3478 1¹
1170 3477 1173 3480 ,

433 3517 444 3546 ¹
482 3511 559 3566 Vide
577 3511 731 3581 epistolam
750 3509 948 3580 superiorem.
972 3508 1061 3563 Pater
1076 3515 1176 3562 autem
1202 3509 1367 3574 Vntnrvut,
1392 3509 1422 3564 in
1445 3527 1501 3565 ms.
1521 3523 1594 3580 opere

379 3600 517 3674 Colagios
539 3603 575 3654 de
600 3598 740 3662 Camilla,
765 3597 787 3664 l,
813 3611 877 3666 241,
900 3613 992 3667 agens
1009 3596 1047 3651 de
1068 3595 1187 3666 collegii
1209 3597 1361 3653 abulensis
1383 3599 1514 3670 exordio,
1534 3599 1593 3652 haec

379 3691 478 3746 tradit:
494 3691 544 3744 «El
558 3707 615 3762 que
629 3690 785 3744 acrecento
799 3689 860 3742 mis
875 3687 903 3741 lo
918 3687 1059 3757 temporat
1079 3685 1128 3740 fue
1149 3687 1177 3740 el
1196 3685 1426 3743 Maestrescuela
1444 3689 1482 3744 D.
1500 3687 1593 3743 Alonso

378 3781 416 3836 de
430 3781 544 3850 Hena0,
558 3796 616 3852 que
629 3779 696 3832 hizo
710 3787 780 3832 voto
793 3775 831 3831 de
844 3776 896 3830 dar
910 3775 983 3830 cada
996 3773 1045 3829 dia
1055 3771 1093 3830 de
1106 3775 1230 3830 limosna
1243 3776 1269 3830 al
1283 3774 1409 3848 Colegio
1418 3776 1472 3832 dos
1484 3777 1593 3842 realesy

379 3869 487 3941 medio,
502 3887 521 3942 y
534 3871 563 3924 lo
576 3867 704 3939 cumplio
718 3863 787 3921 toda
801 3883 836 3920 su
849 3863 929 3924 vida.
943 3881 964 3935 y
977 3866 992 3918 a
1007 3865 1033 3918 la
1047 3863 1181 3918 sacristia
1190 3861 1239 3918 dio
1249 3880 1289 3920 un
1298 3863 1374 3920 catiz
1382 3863 1420 3921 de
1434 3868 1509 3938 plata
1522 3881 1537 3937 y
1548 3879 1593 3918 una

267 3997 269 4000 -
378 3962 468 4035 cajita
484 3977 553 4033 para
571 3961 599 4016 el
619 3957 779 4013 Santisimo
797 3955 1001 4026 Sacramento,
1015 3971 1035 4026 y
1048 3953 1245 4010 acomodonos
1262 3973 1300 4010 un
1320 3957 1430 4014 altar.»
1448 3955 1495 4054 Cf:
1509 3956 1594 4030 Epist.

379 4054 518 4119 Mixtoe„
532 4051 586 4120 IV,
600 4063 663 4118 520.
