3620 5428
570 475 677 536 Esiss.
700 474 850 546 1207.-31
872 476 949 544 Min
970 487 1040 545 1550
1351 488 1386 544 57

182 629 259 696 alla
276 651 354 697 casa
370 651 446 710 sua,
464 631 530 697 che
546 628 580 696 in
597 629 722 718 pigliar
737 640 859 714 questa
880 638 977 716 parte
999 628 1055 697 del
1072 649 1154 715 peso
1174 627 1217 694 de
1233 629 1277 694 V.
1302 629 1343 696 E.
1366 647 1421 695 se·

181 748 305 812 condo
328 747 360 813 ie
376 745 639 832 nostrodebole
658 746 764 828 forze3
787 755 822 812 et
844 744 959 831 percio
975 743 1009 810 io
1029 743 1094 811 seci
1116 743 1291 812 mentione
1311 743 1371 829 qui
1386 744 1421 810 in
1503 791 1505 796 .

181 863 300 928 Roma
321 885 340 928 a
358 863 401 929 V.
427 863 466 928 E.
492 862 535 930 de
558 862 610 928 sar
632 883 678 926 vn
701 860 847 947 collegio
868 859 902 925 in
927 862 1082 940 Ferrara,
1112 860 1213 945 quale
1237 860 1328 928 fosse
1351 880 1420 924 vno

182 977 390 1057 seminario,
421 979 511 1045 onde
537 976 713 1044 vscessino
742 976 1021 1044 continuamente
1048 973 1131 1042 noui
1158 973 1303 1061 operarii
1331 973 1421 1042 nella

182 1094 287 1161 detta
302 1093 418 1182 vigna.

259 1208 424 1296 Degnissi
440 1208 462 1274 il
479 1209 606 1296 Signor
628 1208 663 1274 di
680 1209 806 1293 quella,
828 1211 893 1276 che
914 1228 979 1274 con
1000 1205 1109 1294 pretio
1130 1216 1226 1272 tanto
1247 1206 1380 1292 grande
1401 1207 1422 1270 l'

183 1326 234 1390 ha
263 1336 439 1412 comprata
462 1335 498 1392 et
520 1347 587 1391 con
610 1336 704 1391 tanta
728 1345 866 1411 espessa
890 1335 925 1390 et
945 1313 1074 1390 fatichn
1095 1321 1274 1404 cultiuata,
1299 1341 1422 1408 regere

183 1440 235 1510 V.
256 1443 296 1508 E.
321 1443 376 1508 col
396 1443 488 1508 lume
504 1463 568 1508 suo
582 1439 760 1507 infallibile
780 1438 815 1505 in
837 1449 926 1506 tutte
942 1440 974 1505 le
995 1460 1077 1506 cose
1093 1459 1168 1521 sue,
1191 1437 1287 1505 accio
1307 1437 1422 1504 cerchi

183 1569 223 1624 et
242 1556 334 1623 troui
358 1557 394 1622 in
418 1558 532 1642 quelle
554 1557 587 1623 la
610 1556 719 1648 glon'o
739 1556 858 1623 diuina
878 1566 913 1623 et
928 1567 1047 1623 eterna
1067 1556 1177 1623 salute
1197 1575 1260 1620 sua
1284 1564 1318 1622 et
1342 1551 1421 1620 delli

184 1673 321 1739 subditi
345 1673 432 1752 suoi,
463 1683 498 1740 et
525 1693 544 1738 a
565 1672 646 1738 tutti
667 1671 698 1738 ci
720 1672 776 1738 dia
803 1669 913 1758 gratia
933 1671 1071 1756 copiosa
1098 1691 1159 1756 per
1180 1669 1287 1736 sentir
1307 1669 1339 1734 la
1360 1690 1423 1734 sua

184 1801 289 1854 santa
305 1789 458 1868 volontz'r,
477 1800 511 1854 et
528 1789 639 1874 gratia
655 1809 716 1874 per
732 1787 910 1874 adimpirla
926 1787 1206 1874 perfectamente.
1226 1791 1352 1853 Amen.

258 1907 311 1971 De
328 1907 437 1971 Roma
454 1923 492 1988 31
512 1907 555 1971 de
573 1901 715 1991 Maggio
735 1919 831 1988 1550.

258 2022 289 2086 A
308 2027 417 2108 tergo,
433 2019 550 2086 eadem
567 2041 688 2086 manu.
709 2019 819 2106 Copia
835 2019 878 2085 de
894 2041 963 2086 vna
979 2041 1039 2105 per
1051 2017 1075 2084 il
1087 2019 1199 2085 ducha
1211 2019 1254 2116 tie
1267 2019 1421 2086 Ferrara.

259 2137 304 2202 In
320 2137 492 2222 Regestis.
507 2135 763 2204 Ferrara.-1.⁰
776 2136 821 2202 Al
834 2136 962 2221 duque,
977 2155 1045 2218 que
1061 2157 1099 2202 se
1111 2135 1178 2199 vbo
1191 2154 1231 2199 su
1244 2132 1330 2201 letra
1342 2153 1424 2218 para

185 2274 258 2338 que
274 2252 344 2318 don
362 2251 529 2320 Siluestro
546 2251 696 2337 quedase
712 2275 755 2320 en
779 2253 913 2336 aquella
935 2249 1049 2332 tierra3
1068 2272 1090 2336 y
1111 2272 1191 2335 que,
1214 2269 1352 2334 aunque
1367 2248 1422 2334 gi-

186 2389 341 2436 noueses
363 2369 521 2436 trataban
542 2369 585 2435 de
605 2367 760 2454 ynbiarle
781 2389 842 2454 por
863 2365 1096 2433 comissario&
1116 2364 1269 2445 Corsica,
1292 2385 1359 2448 que
1380 2385 1423 2430 en

188 2495 290 2550 tanto
307 2505 374 2568 que
390 2503 428 2550 se
445 2486 541 2564 haze,
560 2503 628 2568 que
644 2503 706 2569 por
722 2484 777 2548 alli
794 2479 1041 2569 podrn'seruir,
1059 2493 1126 2550 etc.

258 2597 311 2664 2.⁰
359 2598 438 2682 Que
460 2619 523 2684 por
542 2596 576 2664 lo
597 2619 665 2682 que
685 2597 773 2666 debe
795 2603 814 2662 ἑ
835 2619 876 2662 su
900 2596 1059 2678 seruicio,
1085 2597 1117 2662 le
1141 2597 1288 2663 acuerda
1311 2595 1344 2662 lo
1368 2595 1447 2672 dela

188 2712 353 2800 collegio,
688 2689 689 2694 ἵ

764 2830 855 2910 1207

504 2971 693 3038 nomino
712 2972 847 3059 Jomo
872 2973 934 3038 nx
958 2971 1108 3039 conn.

628 3116 717 3160 noim
736 3103 767 3158 31
789 3117 858 3170 11151
880 3116 948 3172 1550
967 3107 987 3159 ¹.

307 3231 441 3290 Nuntios
453 3230 573 3285 litteras
586 3231 693 3284 mittit.
702 3228 961 3284 -Insiitntionem
974 3228 1097 3302 collegii
1103 3228 1307 3300 ferrariensis

644 3318 710 3372 vult
721 3318 974 3372 commendatam.

769 3499 843 3584 Jbs.

260 3646 309 3710 La
326 3641 435 3728 gratia
453 3653 488 3707 et
504 3659 588 3726 pace
603 3641 646 3705 de
662 3637 727 3706 XL⁰
745 3640 788 3704 N.
808 3639 844 3706 S.
863 3638 892 3703 si
908 3650 1007 3705 senta
1022 3660 1156 3726 sempre
1169 3649 1203 3704 et
1214 3659 1332 3706 cresca
1345 3637 1425 3704 nelli

191 3758 288 3826 cuori
304 3757 425 3826 nostri.
445 3758 571 3824 Arnen.

261 3872 471 3943 charissimo
486 3881 520 3938 et
537 3871 737 3936 honorando
754 3869 787 3935 in
805 3872 896 3954 Xpo.
921 3869 1002 3956 Jesb
1021 3872 1121 3937 Mtro.
1136 3869 1229 3957 Julio
1245 3871 1269 3935 ¹.

201 4015 402 4028 ...—--—-

250 4087 257 4116 ¹
297 4081 340 4134 Ex
355 4076 542 4147 adversariis
559 4093 646 4130 manu
660 4073 694 4128 P.
708 4073 829 4128 Polanci
841 4074 994 4144 castigatis
1005 4081 1035 4128 et
1046 4073 1150 4146 auctis,
1167 4072 1197 4128 in
1212 4072 1313 4128 codice
1328 4073 1426 4146 Epist.

192 4170 324 4226 Polnnci
336 4187 371 4224 ex
384 4185 503 4230 comm„
520 4179 531 4220 1
548 4163 610 4236 fob,
625 4183 653 4219 n.
672 4162 732 4233 132,
747 4163 826 4234 prius
843 4162 902 4221 136.
918 4163 951 4217 In
966 4165 1086 4236 Regem.
1105 4165 1129 4228 I,
1142 4163 1192 4220 fol.
1210 4163 1286 4234 198r,
1297 4179 1378 4220 vers.
1393 4160 1427 4231 37

192 4271 224 4316 et
237 4259 283 4332 38,
297 4265 395 4313 exstat
408 4256 488 4312 illius
501 4253 702 4325 summarium,
719 4252 796 4326 quod
810 4249 933 4307 inferius
950 4252 1064 4324 damus,
1076 4270 1163 4308 manu
1178 4253 1211 4306 P.
1225 4251 1342 4307 Polanci
1358 4251 1426 4306 scri·

192 4359 287 4422 ptum.
746 4395 748 4402 ,

244 4443 256 4473 *
295 4437 352 4490 Hic
365 4433 410 4488 vir
422 4450 489 4489 esse
502 4432 610 4488 dieitur
623 4431 653 4486 in
667 4429 825 4485 summario
839 4429 961 4501 hujusce
971 4429 1114 4501 epistolae
1125 4429 1311 4484 barbitonsor
1321 4428 1428 4501 princi·

192 4527 238 4600 pis
251 4524 413 4582 Ferrariae.
429 4524 531 4592 Agens
545 4535 615 4576 vero
628 4519 665 4574 de
678 4521 732 4574 hae
746 4519 869 4590 epistola
880 4530 909 4574 et
921 4519 994 4590 viro,
1005 4518 1046 4595 ait
1056 4520 1239 4586 POLANCUS,
1253 4518 1376 4581 Chron„
1388 4517 1426 4588 11,

192 4618 238 4686 65:
253 4617 343 4670 «Post
354 4611 518 4668 discessum
532 4611 569 4664 P.
587 4608 702 4666 Claudii
717 4608 798 4680 [Jaji]
812 4608 900 4663 scribi
915 4609 1008 4663 voluit
1022 4609 1055 4663 P.
1074 4608 1205 4682 ignatius
1221 4608 1258 4662 ad
1272 4607 1428 4680 quemdam

194 4703 332 4773 amicum,
346 4700 396 4774 qui
410 4699 486 4754 Duci
497 4696 648 4754 Ferrariae
659 4696 850 4764 inserviebat,
865 4705 895 4750 et
905 4714 957 4768 per
969 4713 1036 4751 eum
1048 4695 1103 4768 ipsi
1114 4696 1189 4751 Dnci
1200 4696 1339 4768 scripsit..
1347 4715 1370 4752 ,1)
1382 4697 1428 4750 De
