<?xml version="1.0" encoding="UTF-8"?>
<!DOCTYPE html PUBLIC "-//W3C//DTD XHTML 1.0 Transitional//EN"
    "http://www.w3.org/TR/xhtml1/DTD/xhtml1-transitional.dtd">
<html xmlns="http://www.w3.org/1999/xhtml" xml:lang="en" lang="en">
 <head>
  <title>
</title>
<meta http-equiv="Content-Type" content="text/html;charset=utf-8" />
  <meta name='ocr-system' content='tesseract 3.04.00' />
  <meta name='ocr-capabilities' content='ocr_page ocr_carea ocr_par ocr_line ocrx_word'/>
</head>
<body>
  <div class='ocr_page' id='page_1' title='image "./monumentaignati03ignagoog_0012.png"; bbox 0 0 3620 5428; ppageno 0'>
   <div class='ocr_carea' id='block_1_1' title="bbox 614 1243 1126 1400">
    <p class='ocr_par' dir='ltr' id='par_1_1' title="bbox 614 1243 1126 1400">
     <span class='ocr_line' id='line_1_1' title="bbox 614 1243 1126 1400; baseline -0.002 -2"><span class='ocrx_word' id='word_1_1' title='bbox 614 1328 618 1336; x_wconf 95' lang='lat'>·</span> <span class='ocrx_word' id='word_1_2' title='bbox 671 1243 1126 1400; x_wconf 43' lang='lat' dir='ltr'>An&#39;cscronsu</span> 
     </span>
    </p>
   </div>
   <div class='ocr_carea' id='block_1_2' title="bbox 275 1737 1518 4830">
    <p class='ocr_par' dir='ltr' id='par_1_2' title="bbox 275 1737 1518 2750">
     <span class='ocr_line' id='line_1_2' title="bbox 347 1737 1517 1828; baseline -0.002 -20"><span class='ocrx_word' id='word_1_3' title='bbox 347 1743 451 1826; x_wconf 81' lang='lat' dir='ltr'>Quae</span> <span class='ocrx_word' id='word_1_4' title='bbox 466 1740 642 1828; x_wconf 82' lang='lat' dir='ltr'>superiore</span> <span class='ocrx_word' id='word_1_5' title='bbox 658 1741 832 1808; x_wconf 90' lang='lat' dir='ltr'>volumine</span> <span class='ocrx_word' id='word_1_6' title='bbox 848 1739 997 1808; x_wconf 80' lang='lat' dir='ltr'>diximus</span> <span class='ocrx_word' id='word_1_7' title='bbox 1012 1739 1057 1809; x_wconf 92' lang='lat' dir='ltr'>de</span> <span class='ocrx_word' id='word_1_8' title='bbox 1069 1739 1200 1808; x_wconf 85' lang='lat' dir='ltr'>ratione</span> <span class='ocrx_word' id='word_1_9' title='bbox 1212 1739 1248 1806; x_wconf 94' lang='lat' dir='ltr'>in</span> <span class='ocrx_word' id='word_1_10' title='bbox 1261 1739 1403 1808; x_wconf 85' lang='lat' dir='ltr'>edendis</span> <span class='ocrx_word' id='word_1_11' title='bbox 1414 1737 1517 1826; x_wconf 86' lang='lat' dir='ltr'>igna-</span> 
     </span>
     <span class='ocr_line' id='line_1_3' title="bbox 275 1854 1517 1943; baseline -0.002 -19"><span class='ocrx_word' id='word_1_12' title='bbox 275 1857 383 1924; x_wconf 88' lang='lat' dir='ltr'>tianis</span> <span class='ocrx_word' id='word_1_13' title='bbox 399 1856 554 1943; x_wconf 89' lang='lat' dir='ltr'>epistolis</span> <span class='ocrx_word' id='word_1_14' title='bbox 568 1869 716 1937; x_wconf 87' lang='lat' dir='ltr'>servata,</span> <span class='ocrx_word' id='word_1_15' title='bbox 733 1857 853 1925; x_wconf 88' lang='lat' dir='ltr'>eadem</span> <span class='ocrx_word' id='word_1_16' title='bbox 873 1856 918 1925; x_wconf 91' lang='lat' dir='ltr'>de</span> <span class='ocrx_word' id='word_1_17' title='bbox 937 1857 1005 1923; x_wconf 90' lang='lat' dir='ltr'>hoc</span> <span class='ocrx_word' id='word_1_18' title='bbox 1026 1854 1127 1934; x_wconf 86' lang='lat' dir='ltr'>tertio</span> <span class='ocrx_word' id='word_1_19' title='bbox 1146 1855 1322 1922; x_wconf 87' lang='lat' dir='ltr'>volumine</span> <span class='ocrx_word' id='word_1_20' title='bbox 1343 1854 1438 1922; x_wconf 90' lang='lat' dir='ltr'>dieta</span> <span class='ocrx_word' id='word_1_21' title='bbox 1452 1877 1517 1923; x_wconf 92' lang='lat' dir='ltr'>vo-</span> 
     </span>
     <span class='ocr_line' id='line_1_4' title="bbox 276 1971 1518 2060; baseline -0.001 -20"><span class='ocrx_word' id='word_1_22' title='bbox 276 1973 409 2054; x_wconf 90' lang='lat' dir='ltr'>lumus;</span> <span class='ocrx_word' id='word_1_23' title='bbox 428 1972 555 2060; x_wconf 84' lang='lat' dir='ltr'>quippe</span> <span class='ocrx_word' id='word_1_24' title='bbox 571 1973 665 2058; x_wconf 90' lang='lat' dir='ltr'>quod</span> <span class='ocrx_word' id='word_1_25' title='bbox 681 1993 809 2059; x_wconf 86' lang='lat' dir='ltr'>magna</span> <span class='ocrx_word' id='word_1_26' title='bbox 823 1993 867 2039; x_wconf 87' lang='lat' dir='ltr'>ex</span> <span class='ocrx_word' id='word_1_27' title='bbox 892 1980 1002 2058; x_wconf 90' lang='lat' dir='ltr'>parte,</span> <span class='ocrx_word' id='word_1_28' title='bbox 1020 1971 1162 2058; x_wconf 86' lang='lat' dir='ltr'>perinde</span> <span class='ocrx_word' id='word_1_29' title='bbox 1183 1991 1224 2036; x_wconf 88' lang='lat' dir='ltr'>ac</span> <span class='ocrx_word' id='word_1_30' title='bbox 1244 1971 1340 2052; x_wconf 90' lang='lat' dir='ltr'>illud,</span> <span class='ocrx_word' id='word_1_31' title='bbox 1358 1992 1428 2038; x_wconf 93' lang='lat' dir='ltr'>non</span> <span class='ocrx_word' id='word_1_32' title='bbox 1444 1971 1518 2058; x_wconf 88' lang='lat' dir='ltr'>ple·</span> 
     </span>
     <span class='ocr_line' id='line_1_5' title="bbox 276 2086 1515 2176; baseline -0.004 -18"><span class='ocrx_word' id='word_1_33' title='bbox 276 2093 337 2158; x_wconf 89' lang='lat' dir='ltr'>nis</span> <span class='ocrx_word' id='word_1_34' title='bbox 365 2087 534 2176; x_wconf 89' lang='lat' dir='ltr'>epistolis,</span> <span class='ocrx_word' id='word_1_35' title='bbox 557 2089 619 2158; x_wconf 87' lang='lat' dir='ltr'>sed</span> <span class='ocrx_word' id='word_1_36' title='bbox 645 2109 764 2156; x_wconf 89' lang='lat' dir='ltr'>earum</span> <span class='ocrx_word' id='word_1_37' title='bbox 791 2086 985 2156; x_wconf 89' lang='lat' dir='ltr'>summariis</span> <span class='ocrx_word' id='word_1_38' title='bbox 1012 2097 1160 2154; x_wconf 89' lang='lat' dir='ltr'>constat.</span> <span class='ocrx_word' id='word_1_39' title='bbox 1190 2087 1291 2172; x_wconf 82' lang='lat' dir='ltr'>Quae</span> <span class='ocrx_word' id='word_1_40' title='bbox 1318 2087 1515 2167; x_wconf 89' lang='lat' dir='ltr'>summaria,</span> 
     </span>
     <span class='ocr_line' id='line_1_6' title="bbox 276 2200 1517 2290; baseline -0.002 -20"><span class='ocrx_word' id='word_1_41' title='bbox 276 2201 439 2290; x_wconf 88' lang='lat' dir='ltr'>quamvis</span> <span class='ocrx_word' id='word_1_42' title='bbox 467 2223 714 2290; x_wconf 84' lang='lat' dir='ltr'>saepenumero</span> <span class='ocrx_word' id='word_1_43' title='bbox 741 2201 960 2283; x_wconf 90' lang='lat' dir='ltr'>brevissima,</span> <span class='ocrx_word' id='word_1_44' title='bbox 984 2200 1103 2288; x_wconf 90' lang='lat' dir='ltr'>quanti</span> <span class='ocrx_word' id='word_1_45' title='bbox 1130 2200 1205 2271; x_wconf 90' lang='lat' dir='ltr'>fieri</span> <span class='ocrx_word' id='word_1_46' title='bbox 1232 2201 1392 2284; x_wconf 88' lang='lat' dir='ltr'>debeant,</span> <span class='ocrx_word' id='word_1_47' title='bbox 1414 2223 1517 2271; x_wconf 89' lang='lat' dir='ltr'>nemo</span> 
     </span>
     <span class='ocr_line' id='line_1_7' title="bbox 279 2315 1517 2406; baseline 0.003 -22"><span class='ocrx_word' id='word_1_48' title='bbox 279 2338 352 2385; x_wconf 86' lang='lat' dir='ltr'>non</span> <span class='ocrx_word' id='word_1_49' title='bbox 369 2319 474 2386; x_wconf 88' lang='lat' dir='ltr'>videt:</span> <span class='ocrx_word' id='word_1_50' title='bbox 492 2341 534 2387; x_wconf 94' lang='lat' dir='ltr'>ea</span> <span class='ocrx_word' id='word_1_51' title='bbox 549 2317 641 2386; x_wconf 91' lang='lat' dir='ltr'>enirn</span> <span class='ocrx_word' id='word_1_52' title='bbox 658 2339 762 2406; x_wconf 84' lang='lat' dir='ltr'>saepe</span> <span class='ocrx_word' id='word_1_53' title='bbox 778 2339 840 2406; x_wconf 89' lang='lat' dir='ltr'>pro</span> <span class='ocrx_word' id='word_1_54' title='bbox 855 2317 969 2404; x_wconf 85' lang='lat' dir='ltr'>longis</span> <span class='ocrx_word' id='word_1_55' title='bbox 985 2317 1199 2406; x_wconf 86' lang='lat' dir='ltr'>integrisque</span> <span class='ocrx_word' id='word_1_56' title='bbox 1217 2315 1370 2404; x_wconf 87' lang='lat' dir='ltr'>epistolis</span> <span class='ocrx_word' id='word_1_57' title='bbox 1389 2317 1517 2388; x_wconf 88' lang='lat' dir='ltr'>virtute</span> 
     </span>
     <span class='ocr_line' id='line_1_8' title="bbox 279 2431 1515 2521; baseline -0.002 -21"><span class='ocrx_word' id='word_1_58' title='bbox 279 2455 323 2500; x_wconf 84' lang='lat' dir='ltr'>ac</span> <span class='ocrx_word' id='word_1_59' title='bbox 334 2433 444 2521; x_wconf 89' lang='lat' dir='ltr'>pretio</span> <span class='ocrx_word' id='word_1_60' title='bbox 457 2433 576 2503; x_wconf 88' lang='lat' dir='ltr'>haberi</span> <span class='ocrx_word' id='word_1_61' title='bbox 588 2443 746 2520; x_wconf 85' lang='lat' dir='ltr'>possunt,</span> <span class='ocrx_word' id='word_1_62' title='bbox 759 2434 961 2520; x_wconf 88' lang='lat' dir='ltr'>eademque,</span> <span class='ocrx_word' id='word_1_63' title='bbox 971 2437 1046 2499; x_wconf 70' lang='lat' dir='ltr'>&#39;non</span> <span class='ocrx_word' id='word_1_64' title='bbox 1059 2453 1160 2500; x_wconf 87' lang='lat' dir='ltr'>secus</span> <span class='ocrx_word' id='word_1_65' title='bbox 1175 2453 1216 2500; x_wconf 88' lang='lat' dir='ltr'>ac</span> <span class='ocrx_word' id='word_1_66' title='bbox 1228 2431 1318 2515; x_wconf 90' lang='lat' dir='ltr'>illae,</span> <span class='ocrx_word' id='word_1_67' title='bbox 1332 2432 1515 2501; x_wconf 89' lang='lat' dir='ltr'>admirabi-</span> 
     </span>
     <span class='ocr_line' id='line_1_9' title="bbox 279 2547 1516 2636; baseline 0.002 -22"><span class='ocrx_word' id='word_1_68' title='bbox 279 2550 348 2616; x_wconf 90' lang='lat' dir='ltr'>lem</span> <span class='ocrx_word' id='word_1_69' title='bbox 364 2549 474 2617; x_wconf 89' lang='lat' dir='ltr'>sancti</span> <span class='ocrx_word' id='word_1_70' title='bbox 491 2547 616 2636; x_wconf 88' lang='lat' dir='ltr'>Ignatii</span> <span class='ocrx_word' id='word_1_71' title='bbox 632 2567 750 2617; x_wconf 89' lang='lat' dir='ltr'>curam</span> <span class='ocrx_word' id='word_1_72' title='bbox 766 2559 802 2618; x_wconf 91' lang='lat' dir='ltr'>et</span> <span class='ocrx_word' id='word_1_73' title='bbox 817 2547 1030 2635; x_wconf 83' lang='lat' dir='ltr'>diligentiam</span> <span class='ocrx_word' id='word_1_74' title='bbox 1048 2547 1084 2614; x_wconf 92' lang='lat' dir='ltr'>in</span> <span class='ocrx_word' id='word_1_75' title='bbox 1097 2548 1323 2636; x_wconf 83' lang='lat' dir='ltr'>gubernanda</span> <span class='ocrx_word' id='word_1_76' title='bbox 1337 2548 1516 2636; x_wconf 89' lang='lat' dir='ltr'>augenda·</span> 
     </span>
     <span class='ocr_line' id='line_1_10' title="bbox 280 2661 1060 2750; baseline 0 -20"><span class='ocrx_word' id='word_1_77' title='bbox 280 2685 351 2750; x_wconf 89' lang='lat' dir='ltr'>que</span> <span class='ocrx_word' id='word_1_78' title='bbox 366 2665 442 2750; x_wconf 87' lang='lat' dir='ltr'>ejus</span> <span class='ocrx_word' id='word_1_79' title='bbox 457 2664 631 2733; x_wconf 88' lang='lat' dir='ltr'>Societate</span> <span class='ocrx_word' id='word_1_80' title='bbox 650 2661 793 2731; x_wconf 87' lang='lat' dir='ltr'>mirifice</span> <span class='ocrx_word' id='word_1_81' title='bbox 808 2663 1060 2730; x_wconf 88' lang='lat' dir='ltr'>demonstrant.</span> 
     </span>
    </p>

    <p class='ocr_par' dir='ltr' id='par_1_3' title="bbox 280 2777 1518 4138">
     <span class='ocr_line' id='line_1_11' title="bbox 349 2777 1514 2867; baseline 0 -19"><span class='ocrx_word' id='word_1_82' title='bbox 349 2782 399 2848; x_wconf 75' lang='lat' dir='ltr'>Fa</span> <span class='ocrx_word' id='word_1_83' title='bbox 426 2800 528 2867; x_wconf 90' lang='lat' dir='ltr'>porro</span> <span class='ocrx_word' id='word_1_84' title='bbox 548 2778 734 2848; x_wconf 88' lang='lat' dir='ltr'>summaria</span> <span class='ocrx_word' id='word_1_85' title='bbox 761 2799 825 2848; x_wconf 92' lang='lat' dir='ltr'>nos</span> <span class='ocrx_word' id='word_1_86' title='bbox 845 2778 984 2864; x_wconf 91' lang='lat' dir='ltr'>quidem</span> <span class='ocrx_word' id='word_1_87' title='bbox 1012 2777 1174 2847; x_wconf 88' lang='lat' dir='ltr'>distincta</span> <span class='ocrx_word' id='word_1_88' title='bbox 1197 2779 1339 2847; x_wconf 88' lang='lat' dir='ltr'>seorsim</span> <span class='ocrx_word' id='word_1_89' title='bbox 1368 2777 1514 2864; x_wconf 89' lang='lat' dir='ltr'>edimus,</span> 
     </span>
     <span class='ocr_line' id='line_1_12' title="bbox 282 2893 1514 2982; baseline 0 -20"><span class='ocrx_word' id='word_1_90' title='bbox 282 2907 355 2962; x_wconf 91' lang='lat' dir='ltr'>tum</span> <span class='ocrx_word' id='word_1_91' title='bbox 371 2894 625 2982; x_wconf 87' lang='lat' dir='ltr'>perspicuitatis</span> <span class='ocrx_word' id='word_1_92' title='bbox 636 2893 750 2982; x_wconf 86' lang='lat' dir='ltr'>gratia</span> <span class='ocrx_word' id='word_1_93' title='bbox 761 2895 875 2982; x_wconf 87' lang='lat' dir='ltr'>(secus</span> <span class='ocrx_word' id='word_1_94' title='bbox 885 2893 977 2964; x_wconf 85' lang='lat' dir='ltr'>enim</span> <span class='ocrx_word' id='word_1_95' title='bbox 988 2894 1252 2962; x_wconf 85' lang='lat' dir='ltr'>summariorum</span> <span class='ocrx_word' id='word_1_96' title='bbox 1269 2915 1414 2964; x_wconf 85' lang='lat' dir='ltr'>acervus</span> <span class='ocrx_word' id='word_1_97' title='bbox 1425 2917 1514 2964; x_wconf 90' lang='lat' dir='ltr'>non·</span> 
     </span>
     <span class='ocr_line' id='line_1_13' title="bbox 280 2999 1515 3100; baseline 0 -22"><span class='ocrx_word' id='word_1_98' title='bbox 280 2999 468 3098; x_wconf 88' lang='lat' dir='ltr'>numquam</span> <span class='ocrx_word' id='word_1_99' title='bbox 483 3010 683 3096; x_wconf 88' lang='lat' dir='ltr'>videretur),</span> <span class='ocrx_word' id='word_1_100' title='bbox 702 3023 776 3077; x_wconf 90' lang='lat' dir='ltr'>tum</span> <span class='ocrx_word' id='word_1_101' title='bbox 793 3010 848 3077; x_wconf 88' lang='lat' dir='ltr'>vel</span> <span class='ocrx_word' id='word_1_102' title='bbox 863 3008 1011 3079; x_wconf 85' lang='lat' dir='ltr'>maxime</span> <span class='ocrx_word' id='word_1_103' title='bbox 1026 3007 1107 3096; x_wconf 89' lang='lat' dir='ltr'>quia</span> <span class='ocrx_word' id='word_1_104' title='bbox 1123 3031 1255 3092; x_wconf 86' lang='lat' dir='ltr'>revera,</span> <span class='ocrx_word' id='word_1_105' title='bbox 1270 3009 1335 3078; x_wconf 91' lang='lat' dir='ltr'>etsi</span> <span class='ocrx_word' id='word_1_106' title='bbox 1347 3010 1383 3080; x_wconf 90' lang='lat' dir='ltr'>in</span> <span class='ocrx_word' id='word_1_107' title='bbox 1399 3011 1515 3100; x_wconf 81' lang='lat' dir='ltr'>Raga-</span> 
     </span>
     <span class='ocr_line' id='line_1_14' title="bbox 280 3123 1511 3214; baseline -0.002 -20"><span class='ocrx_word' id='word_1_108' title='bbox 280 3129 345 3194; x_wconf 82' lang='lat' dir='ltr'>stis</span> <span class='ocrx_word' id='word_1_109' title='bbox 364 3127 572 3214; x_wconf 87' lang='lat' dir='ltr'>conglobata</span> <span class='ocrx_word' id='word_1_110' title='bbox 593 3136 791 3214; x_wconf 85' lang='lat' dir='ltr'>appareant,</span> <span class='ocrx_word' id='word_1_111' title='bbox 813 3123 958 3194; x_wconf 88' lang='lat' dir='ltr'>diversis</span> <span class='ocrx_word' id='word_1_112' title='bbox 978 3136 1091 3192; x_wconf 89' lang='lat' dir='ltr'>tamen</span> <span class='ocrx_word' id='word_1_113' title='bbox 1115 3124 1271 3212; x_wconf 85' lang='lat' dir='ltr'>epistolis</span> <span class='ocrx_word' id='word_1_114' title='bbox 1291 3127 1511 3214; x_wconf 89' lang='lat' dir='ltr'>respondent.</span> 
     </span>
     <span class='ocr_line' id='line_1_15' title="bbox 283 3239 1514 3328; baseline -0.002 -17"><span class='ocrx_word' id='word_1_115' title='bbox 283 3243 388 3328; x_wconf 83' lang='lat' dir='ltr'>Quod</span> <span class='ocrx_word' id='word_1_116' title='bbox 402 3240 432 3310; x_wconf 88' lang='lat' dir='ltr'>si</span> <span class='ocrx_word' id='word_1_117' title='bbox 444 3241 617 3309; x_wconf 90' lang='lat' dir='ltr'>interdum</span> <span class='ocrx_word' id='word_1_118' title='bbox 633 3239 717 3308; x_wconf 87' lang='lat' dir='ltr'>satis</span> <span class='ocrx_word' id='word_1_119' title='bbox 732 3261 805 3308; x_wconf 91' lang='lat' dir='ltr'>non</span> <span class='ocrx_word' id='word_1_120' title='bbox 820 3251 957 3308; x_wconf 87' lang='lat' dir='ltr'>constet</span> <span class='ocrx_word' id='word_1_121' title='bbox 974 3251 1089 3307; x_wconf 93' lang='lat' dir='ltr'>utrum</span> <span class='ocrx_word' id='word_1_122' title='bbox 1105 3241 1288 3310; x_wconf 87' lang='lat' dir='ltr'>distinctae</span> <span class='ocrx_word' id='word_1_123' title='bbox 1300 3241 1369 3310; x_wconf 90' lang='lat' dir='ltr'>sint</span> <span class='ocrx_word' id='word_1_124' title='bbox 1385 3241 1514 3328; x_wconf 89' lang='lat' dir='ltr'>episto·</span> 
     </span>
     <span class='ocr_line' id='line_1_16' title="bbox 284 3339 1513 3450; baseline 0.003 -28"><span class='ocrx_word' id='word_1_125' title='bbox 284 3357 338 3428; x_wconf 90' lang='lat' dir='ltr'>lae</span> <span class='ocrx_word' id='word_1_126' title='bbox 353 3379 398 3450; x_wconf 75' lang='lat' dir='ltr'>ap</span> <span class='ocrx_word' id='word_1_127' title='bbox 414 3357 530 3445; x_wconf 91' lang='lat' dir='ltr'>potius</span> <span class='ocrx_word' id='word_1_128' title='bbox 545 3357 717 3438; x_wconf 86' lang='lat' dir='ltr'>mandata,</span> <span class='ocrx_word' id='word_1_129' title='bbox 735 3355 899 3424; x_wconf 87' lang='lat' dir='ltr'>distincta</span> <span class='ocrx_word' id='word_1_130' title='bbox 913 3355 1052 3442; x_wconf 89' lang='lat' dir='ltr'>quidem</span> <span class='ocrx_word' id='word_1_131' title='bbox 1064 3367 1099 3425; x_wconf 88' lang='lat' dir='ltr'>et</span> <span class='ocrx_word' id='word_1_132' title='bbox 1111 3358 1155 3424; x_wconf 89' lang='lat' dir='ltr'>ad</span> <span class='ocrx_word' id='word_1_133' title='bbox 1166 3339 1321 3426; x_wconf 71' lang='lat' dir='ltr'>diuersos</span> <span class='ocrx_word' id='word_1_134' title='bbox 1333 3358 1513 3441; x_wconf 86' lang='lat' dir='ltr'>tradenda,</span> 
     </span>
     <span class='ocr_line' id='line_1_17' title="bbox 280 3470 1518 3559; baseline -0.002 -17"><span class='ocrx_word' id='word_1_135' title='bbox 280 3473 342 3542; x_wconf 83' lang='lat' dir='ltr'>sed</span> <span class='ocrx_word' id='word_1_136' title='bbox 364 3473 424 3540; x_wconf 90' lang='lat' dir='ltr'>uni</span> <span class='ocrx_word' id='word_1_137' title='bbox 453 3483 586 3541; x_wconf 87' lang='lat' dir='ltr'>tantum</span> <span class='ocrx_word' id='word_1_138' title='bbox 608 3471 773 3559; x_wconf 87' lang='lat' dir='ltr'>epistolae</span> <span class='ocrx_word' id='word_1_139' title='bbox 800 3470 951 3554; x_wconf 90' lang='lat' dir='ltr'>inclusa;</span> <span class='ocrx_word' id='word_1_140' title='bbox 975 3483 1059 3538; x_wconf 90' lang='lat' dir='ltr'>tunc</span> <span class='ocrx_word' id='word_1_141' title='bbox 1079 3471 1258 3558; x_wconf 87' lang='lat' dir='ltr'>epistolam</span> <span class='ocrx_word' id='word_1_142' title='bbox 1286 3473 1518 3542; x_wconf 88' lang='lat' dir='ltr'>communiter</span> 
     </span>
     <span class='ocr_line' id='line_1_18' title="bbox 282 3585 1516 3683; baseline -0.001 -27"><span class='ocrx_word' id='word_1_143' title='bbox 282 3588 456 3670; x_wconf 89' lang='lat' dir='ltr'>omnibus,</span> <span class='ocrx_word' id='word_1_144' title='bbox 479 3587 606 3674; x_wconf 88' lang='lat' dir='ltr'>quibus</span> <span class='ocrx_word' id='word_1_145' title='bbox 632 3589 714 3683; x_wconf 88' lang='lat' dir='ltr'>data</span> <span class='ocrx_word' id='word_1_146' title='bbox 733 3598 798 3668; x_wconf 87' lang='lat' dir='ltr'>est,</span> <span class='ocrx_word' id='word_1_147' title='bbox 821 3585 993 3674; x_wconf 84' lang='lat' dir='ltr'>expressis</span> <span class='ocrx_word' id='word_1_148' title='bbox 1017 3608 1137 3656; x_wconf 91' lang='lat' dir='ltr'>eorum</span> <span class='ocrx_word' id='word_1_149' title='bbox 1158 3585 1367 3670; x_wconf 90' lang='lat' dir='ltr'>nominibus,</span> <span class='ocrx_word' id='word_1_150' title='bbox 1390 3586 1516 3655; x_wconf 88' lang='lat' dir='ltr'>inscri-</span> 
     </span>
     <span class='ocr_line' id='line_1_19' title="bbox 281 3700 1515 3790; baseline 0 -19"><span class='ocrx_word' id='word_1_151' title='bbox 281 3705 408 3787; x_wconf 87' lang='lat' dir='ltr'>bimus,</span> <span class='ocrx_word' id='word_1_152' title='bbox 426 3704 483 3773; x_wconf 89' lang='lat' dir='ltr'>vel</span> <span class='ocrx_word' id='word_1_153' title='bbox 498 3703 573 3771; x_wconf 89' lang='lat' dir='ltr'>viro</span> <span class='ocrx_word' id='word_1_154' title='bbox 587 3725 630 3771; x_wconf 89' lang='lat' dir='ltr'>ex</span> <span class='ocrx_word' id='word_1_155' title='bbox 646 3702 713 3770; x_wconf 92' lang='lat' dir='ltr'>illis</span> <span class='ocrx_word' id='word_1_156' title='bbox 729 3702 886 3790; x_wconf 91' lang='lat' dir='ltr'>principi,</span> <span class='ocrx_word' id='word_1_157' title='bbox 904 3702 980 3770; x_wconf 88' lang='lat' dir='ltr'>aliis</span> <span class='ocrx_word' id='word_1_158' title='bbox 995 3700 1098 3772; x_wconf 90' lang='lat' dir='ltr'>etiam</span> <span class='ocrx_word' id='word_1_159' title='bbox 1114 3703 1151 3769; x_wconf 92' lang='lat' dir='ltr'>in</span> <span class='ocrx_word' id='word_1_160' title='bbox 1162 3724 1292 3790; x_wconf 86' lang='lat' dir='ltr'>genere</span> <span class='ocrx_word' id='word_1_161' title='bbox 1307 3703 1515 3788; x_wconf 87' lang='lat' dir='ltr'>connotatis,</span> 
     </span>
     <span class='ocr_line' id='line_1_20' title="bbox 281 3817 1516 3907; baseline 0.002 -21"><span class='ocrx_word' id='word_1_162' title='bbox 281 3839 315 3888; x_wconf 90' lang='lat' dir='ltr'>v.</span> <span class='ocrx_word' id='word_1_163' title='bbox 334 3841 403 3907; x_wconf 89' lang='lat' dir='ltr'>gr.:</span> <span class='ocrx_word' id='word_1_164' title='bbox 421 3819 628 3888; x_wconf 75' lang='lat' dir='ltr'>«Paschasio</span> <span class='ocrx_word' id='word_1_165' title='bbox 645 3821 772 3888; x_wconf 77' lang='lat' dir='ltr'>Broeto</span> <span class='ocrx_word' id='word_1_166' title='bbox 783 3829 818 3888; x_wconf 91' lang='lat' dir='ltr'>et</span> <span class='ocrx_word' id='word_1_167' title='bbox 834 3817 939 3886; x_wconf 90' lang='lat' dir='ltr'>sociis</span> <span class='ocrx_word' id='word_1_168' title='bbox 955 3817 1258 3886; x_wconf 77' lang='lat' dir='ltr'>bononiensibus.»</span> <span class='ocrx_word' id='word_1_169' title='bbox 1274 3820 1388 3905; x_wconf 81' lang='lat' dir='ltr'>Quam</span> <span class='ocrx_word' id='word_1_170' title='bbox 1402 3819 1516 3906; x_wconf 87' lang='lat' dir='ltr'>legem</span> 
     </span>
     <span class='ocr_line' id='line_1_21' title="bbox 281 3933 1516 4021; baseline 0.001 -18"><span class='ocrx_word' id='word_1_171' title='bbox 281 3935 384 4004; x_wconf 86' lang='lat' dir='ltr'>etiam</span> <span class='ocrx_word' id='word_1_172' title='bbox 400 3934 588 4021; x_wconf 89' lang='lat' dir='ltr'>sequimur,</span> <span class='ocrx_word' id='word_1_173' title='bbox 603 3956 682 4003; x_wconf 90' lang='lat' dir='ltr'>cum</span> <span class='ocrx_word' id='word_1_174' title='bbox 699 3955 918 4021; x_wconf 91' lang='lat' dir='ltr'>quacumque</span> <span class='ocrx_word' id='word_1_175' title='bbox 933 3935 976 4002; x_wconf 88' lang='lat' dir='ltr'>de</span> <span class='ocrx_word' id='word_1_176' title='bbox 992 3955 1098 4012; x_wconf 79' lang='lat' dir='ltr'>causa</span> <span class='ocrx_word' id='word_1_177' title='bbox 1113 3933 1290 4020; x_wconf 88' lang='lat' dir='ltr'>epistolae,</span> <span class='ocrx_word' id='word_1_178' title='bbox 1305 3937 1349 4002; x_wconf 91' lang='lat' dir='ltr'>ad</span> <span class='ocrx_word' id='word_1_179' title='bbox 1360 3935 1516 4005; x_wconf 91' lang='lat' dir='ltr'>diversos</span> 
     </span>
     <span class='ocr_line' id='line_1_22' title="bbox 281 4048 1468 4138; baseline 0 -20"><span class='ocrx_word' id='word_1_180' title='bbox 281 4052 396 4135; x_wconf 87' lang='lat' dir='ltr'>datae,</span> <span class='ocrx_word' id='word_1_181' title='bbox 414 4051 592 4119; x_wconf 83' lang='lat' dir='ltr'>commode</span> <span class='ocrx_word' id='word_1_182' title='bbox 608 4049 758 4138; x_wconf 88' lang='lat' dir='ltr'>separari</span> <span class='ocrx_word' id='word_1_183' title='bbox 773 4059 964 4136; x_wconf 91' lang='lat' dir='ltr'>nequeunt;</span> <span class='ocrx_word' id='word_1_184' title='bbox 979 4048 1072 4135; x_wconf 91' lang='lat' dir='ltr'>quod</span> <span class='ocrx_word' id='word_1_185' title='bbox 1085 4070 1163 4116; x_wconf 90' lang='lat' dir='ltr'>raro</span> <span class='ocrx_word' id='word_1_186' title='bbox 1180 4062 1274 4119; x_wconf 87' lang='lat' dir='ltr'>certe</span> <span class='ocrx_word' id='word_1_187' title='bbox 1286 4049 1468 4138; x_wconf 90' lang='lat' dir='ltr'>contingit.</span> 
     </span>
    </p>

    <p class='ocr_par' dir='ltr' id='par_1_4' title="bbox 281 4164 1518 4830">
     <span class='ocr_line' id='line_1_23' title="bbox 348 4164 1518 4254; baseline 0.002 -21"><span class='ocrx_word' id='word_1_188' title='bbox 348 4167 438 4234; x_wconf 87' lang='lat' dir='ltr'>illud</span> <span class='ocrx_word' id='word_1_189' title='bbox 453 4178 569 4234; x_wconf 89' lang='lat' dir='ltr'>autem</span> <span class='ocrx_word' id='word_1_190' title='bbox 586 4165 802 4252; x_wconf 78' lang='lat' dir='ltr'>frequentius</span> <span class='ocrx_word' id='word_1_191' title='bbox 819 4164 995 4247; x_wconf 85' lang='lat' dir='ltr'>usuvenit,</span> <span class='ocrx_word' id='word_1_192' title='bbox 1013 4165 1107 4250; x_wconf 94' lang='lat' dir='ltr'>quod</span> <span class='ocrx_word' id='word_1_193' title='bbox 1126 4164 1289 4234; x_wconf 89' lang='lat' dir='ltr'>lectorem</span> <span class='ocrx_word' id='word_1_194' title='bbox 1310 4187 1393 4254; x_wconf 90' lang='lat' dir='ltr'>prae</span> <span class='ocrx_word' id='word_1_195' title='bbox 1408 4167 1518 4235; x_wconf 86' lang='lat' dir='ltr'>oculis</span> 
     </span>
     <span class='ocr_line' id='line_1_24' title="bbox 282 4279 1516 4371; baseline 0 -20"><span class='ocrx_word' id='word_1_196' title='bbox 282 4285 412 4353; x_wconf 86' lang='lat' dir='ltr'>habere</span> <span class='ocrx_word' id='word_1_197' title='bbox 427 4283 597 4371; x_wconf 87' lang='lat' dir='ltr'>cupimus.</span> <span class='ocrx_word' id='word_1_198' title='bbox 617 4279 756 4349; x_wconf 84' lang='lat' dir='ltr'>Accidit</span> <span class='ocrx_word' id='word_1_199' title='bbox 771 4280 875 4363; x_wconf 89' lang='lat' dir='ltr'>enim,</span> <span class='ocrx_word' id='word_1_200' title='bbox 894 4280 1034 4348; x_wconf 87' lang='lat' dir='ltr'>eumad</span> <span class='ocrx_word' id='word_1_201' title='bbox 1056 4279 1194 4366; x_wconf 88' lang='lat' dir='ltr'>aliquod</span> <span class='ocrx_word' id='word_1_202' title='bbox 1211 4281 1395 4350; x_wconf 89' lang='lat' dir='ltr'>Societatis</span> <span class='ocrx_word' id='word_1_203' title='bbox 1411 4283 1516 4352; x_wconf 87' lang='lat' dir='ltr'>colle-</span> 
     </span>
     <span class='ocr_line' id='line_1_25' title="bbox 281 4389 1513 4488; baseline -0.001 -22"><span class='ocrx_word' id='word_1_204' title='bbox 281 4399 379 4488; x_wconf 90' lang='lat' dir='ltr'>gium</span> <span class='ocrx_word' id='word_1_205' title='bbox 394 4398 530 4468; x_wconf 84' lang='lat' dir='ltr'>litterae</span> <span class='ocrx_word' id='word_1_206' title='bbox 545 4389 739 4479; x_wconf 88' lang='lat' dir='ltr'>mittantur,</span> <span class='ocrx_word' id='word_1_207' title='bbox 758 4409 797 4464; x_wconf 93' lang='lat' dir='ltr'>ut</span> <span class='ocrx_word' id='word_1_208' title='bbox 813 4395 979 4483; x_wconf 89' lang='lat' dir='ltr'>separatis</span> <span class='ocrx_word' id='word_1_209' title='bbox 996 4395 1135 4482; x_wconf 90' lang='lat' dir='ltr'>quidem</span> <span class='ocrx_word' id='word_1_210' title='bbox 1151 4396 1316 4478; x_wconf 75' lang='lat' dir='ltr'>numeriS,</span> <span class='ocrx_word' id='word_1_211' title='bbox 1336 4417 1364 4465; x_wconf 89' lang='lat'>1.</span> <span class='ocrx_word' id='word_1_212' title='bbox 1384 4395 1417 4465; x_wconf 80' lang='lat'>2&#39;.</span> <span class='ocrx_word' id='word_1_213' title='bbox 1437 4417 1513 4482; x_wconf 85' lang='lat'><strong>3....</strong></span> 
     </span>
     <span class='ocr_line' id='line_1_26' title="bbox 286 4509 1514 4602; baseline -0.003 -19"><span class='ocrx_word' id='word_1_214' title='bbox 286 4535 338 4598; x_wconf 90' lang='lat'>10,</span> <span class='ocrx_word' id='word_1_215' title='bbox 356 4514 585 4602; x_wconf 88' lang='lat' dir='ltr'>designentur</span> <span class='ocrx_word' id='word_1_216' title='bbox 600 4533 652 4594; x_wconf 88' lang='lat' dir='ltr'>ea,</span> <span class='ocrx_word' id='word_1_217' title='bbox 671 4532 761 4597; x_wconf 91' lang='lat' dir='ltr'>quae</span> <span class='ocrx_word' id='word_1_218' title='bbox 776 4509 964 4598; x_wconf 89' lang='lat' dir='ltr'>unicuique</span> <span class='ocrx_word' id='word_1_219' title='bbox 980 4509 1149 4578; x_wconf 87' lang='lat' dir='ltr'>sodalium</span> <span class='ocrx_word' id='word_1_220' title='bbox 1171 4511 1377 4593; x_wconf 88' lang='lat' dir='ltr'>scribantur,</span> <span class='ocrx_word' id='word_1_221' title='bbox 1394 4535 1425 4577; x_wconf 93' lang='lat' dir='ltr'>v.</span> <span class='ocrx_word' id='word_1_222' title='bbox 1445 4533 1514 4600; x_wconf 91' lang='lat' dir='ltr'>gr.:</span> 
     </span>
     <span class='ocr_line' id='line_1_27' title="bbox 282 4626 1516 4714; baseline 0.001 -20"><span class='ocrx_word' id='word_1_223' title='bbox 282 4649 335 4699; x_wconf 72' lang='grc' dir='ltr'>αι.</span> <span class='ocrx_word' id='word_1_224' title='bbox 356 4632 389 4698; x_wconf 86' lang='grc' dir='ltr'>Α</span> <span class='ocrx_word' id='word_1_225' title='bbox 405 4627 655 4699; x_wconf 72' lang='lat' dir='ltr'>paschasio...</span> <span class='ocrx_word' id='word_1_226' title='bbox 680 4647 712 4713; x_wconf 90' lang='lat'>3.</span> <span class='ocrx_word' id='word_1_227' title='bbox 730 4635 764 4696; x_wconf 83' lang='lat' dir='ltr'><strong>A</strong></span> <span class='ocrx_word' id='word_1_228' title='bbox 780 4626 959 4696; x_wconf 79' lang='lat' dir='ltr'>Nicolao.»</span> <span class='ocrx_word' id='word_1_229' title='bbox 977 4627 1046 4696; x_wconf 85' lang='lat' dir='ltr'>Sed</span> <span class='ocrx_word' id='word_1_230' title='bbox 1068 4626 1193 4694; x_wconf 90' lang='lat' dir='ltr'>accidit</span> <span class='ocrx_word' id='word_1_231' title='bbox 1212 4627 1315 4694; x_wconf 87' lang='lat' dir='ltr'>etiarn</span> <span class='ocrx_word' id='word_1_232' title='bbox 1332 4627 1516 4714; x_wconf 90' lang='lat' dir='ltr'>aliquando</span> 
     </span>
     <span class='ocr_line' id='line_1_28' title="bbox 282 4741 1515 4830; baseline 0 -18"><span class='ocrx_word' id='word_1_233' title='bbox 282 4757 321 4812; x_wconf 95' lang='lat' dir='ltr'>ut</span> <span class='ocrx_word' id='word_1_234' title='bbox 336 4746 424 4814; x_wconf 90' lang='lat' dir='ltr'>inter</span> <span class='ocrx_word' id='word_1_235' title='bbox 441 4765 616 4827; x_wconf 89' lang='lat' dir='ltr'>numeros,</span> <span class='ocrx_word' id='word_1_236' title='bbox 635 4745 692 4830; x_wconf 89' lang='lat' dir='ltr'>qui</span> <span class='ocrx_word' id='word_1_237' title='bbox 710 4744 754 4811; x_wconf 88' lang='lat' dir='ltr'>ad</span> <span class='ocrx_word' id='word_1_238' title='bbox 770 4743 925 4811; x_wconf 89' lang='lat' dir='ltr'>diversos</span> <span class='ocrx_word' id='word_1_239' title='bbox 940 4741 1054 4810; x_wconf 87' lang='lat' dir='ltr'>socios</span> <span class='ocrx_word' id='word_1_240' title='bbox 1069 4753 1239 4829; x_wconf 91' lang='lat' dir='ltr'>spectant,</span> <span class='ocrx_word' id='word_1_241' title='bbox 1254 4742 1321 4809; x_wconf 88' lang='lat' dir='ltr'>alia</span> <span class='ocrx_word' id='word_1_242' title='bbox 1333 4743 1435 4812; x_wconf 89' lang='lat' dir='ltr'>etiam</span> <span class='ocrx_word' id='word_1_243' title='bbox 1452 4765 1515 4812; x_wconf 89' lang='lat' dir='ltr'>ne·</span> 
     </span>
    </p>
   </div>
   <div class='ocr_carea' id='block_1_3' title="bbox 0 0 1819 5428">
    <p class='ocr_par' dir='ltr' id='par_1_5' title="bbox 0 0 1819 5428">
     <span class='ocr_line' id='line_1_29' title="bbox 0 0 1819 5428; baseline 0 0"><span class='ocrx_word' id='word_1_244' title='bbox 0 0 1819 5428; x_wconf 95' lang='lat' dir='ltr'> </span> 
     </span>
    </p>
   </div>
  </div>
 </body>
</html>
