3468 5418
525 481 632 541 Eersr.
656 481 953 552 1985.-8Auousr1
975 491 1038 550 ¹55¹
1309 475 1366 532 603

165 646 206 702 et
223 655 311 720 poca
328 633 505 702 diuotione
521 635 553 702 al
569 636 664 703 detto
685 634 811 716 studio,
830 633 989 702 massime
1009 631 1226 710 scholastico;
1244 642 1279 698 et
1299 651 1403 696 sanza

168 751 216 815 tal
233 749 377 816 voluntal
395 759 430 818 et
445 750 642 830 deuotione,
661 751 745 834 ogni
760 748 924 820 exercitio
941 753 1016 817 sara
1033 749 1141 827 fredo,
1159 758 1194 813 et
1209 747 1233 812 il
1249 747 1404 833 profecto

166 865 368 933 finalmente
384 869 462 932 sara
477 885 575 952 poco.
597 868 634 934 L'
652 868 739 938 altra
755 887 859 936 causa
875 867 906 948 ὲ,
924 865 991 933 che
1007 863 1101 930 litati
1118 862 1277 943 auditori,
1292 861 1401 928 siben

168 979 357 1048 hauessino
372 981 397 1046 l'
414 981 600 1074 affectione
616 983 720 1064 bona,
736 1003 804 1050 non
817 962 940 1050 sarano
952 979 1082 1068 fondati
1094 979 1402 1046 sufficientemente

167 1095 260 1162 nella
274 1096 388 1182 logica
403 1109 439 1164 et
459 1097 677 1188 philosophia
694 1097 727 1185 (ll
745 1099 823 1186 qual
841 1098 1061 1165 fondamento
1077 1096 1095 1164 ὲ
1120 1095 1338 1182 necessario),
1358 1097 1402 1162 ne
1444 1143 1447 1149 ‚

168 1211 261 1279 forsa
278 1214 368 1282 nelle
385 1214 515 1302 lingue:
531 1237 552 1281 o
568 1238 605 1285 se
621 1215 735 1284 alcuni
751 1214 779 1281 si
797 1214 1002 1295 trouassin0,
1017 1213 1152 1280 sariano
1165 1213 1270 1279 molto
1283 1205 1400 1298 pochi3

163 1343 200 1395 et
218 1352 279 1416 per
300 1331 322 1394 l'
341 1330 505 1398 essercitii
527 1329 679 1418 theologi
706 1329 734 1398 si
757 1332 833 1399 vole
854 1328 1070 1398 moltitudine
1090 1331 1135 1399 de
1155 1349 1313 1415 persone,
1332 1329 1398 1394 che

165 1445 264 1511 siano
281 1444 403 1514 idonee
419 1457 455 1512 et
471 1447 623 1516 tondete.
643 1437 862 1536 Altrimeute,
887 1467 984 1512 corne
1007 1457 1134 1512 mostra
1155 1443 1177 1509 l'
1193 1442 1400 1532 esperientia

164 1559 201 1625 in
230 1561 316 1627 altre
340 1561 539 1642 uniuersita,
563 1574 680 1648 presto
706 1563 735 1629 si
764 1563 898 1630 rasreda
920 1561 1003 1648 ogni
1031 1583 1122 1641 cosa,
1146 1571 1181 1628 et
1203 1581 1273 1626 non
1300 1560 1399 1626 basta

164 1687 298 1760 quanto
313 1675 341 1742 si
358 1677 473 1762 voglia
489 1680 583 1746 buon
596 1678 727 1760 ordine,
745 1699 813 1746 non
830 1680 976 1746 essendo
988 1677 1046 1744 chi
1062 1680 1097 1743 lo
1114 1675 1262 1756 obserui3
1278 1687 1314 1742 et
1325 1675 1397 1742 cosi

165 1813 237 1856 non
254 1789 283 1858 si
300 1794 469 1860 venerebe
485 1794 517 1860 al
533 1794 601 1862 fine
618 1792 728 1862 chesi
745 1795 922 1879 pretende.

235 1909 278 1972 Et
295 1921 331 1974 se
348 1907 377 1974 si
398 1907 475 1977 dice
490 1910 556 1975 che
584 1908 606 1974 li
628 1907 735 1976 nostri
756 1909 903 1977 scholari
924 1911 1088 1976 forobono
1110 1909 1255 1995 qualche
1278 1927 1396 1992 corp0,

165 2045 238 2088 non
251 2023 364 2109 potria
376 2045 490 2094 essere
503 2025 693 2118 sufficiente
707 2026 729 2092 il
742 2045 897 2108 nurner03
912 2037 947 2094 et
963 2027 1130 2112 parerebe
1145 2025 1238 2091 forsa
1250 2024 1307 2090 alli
1320 2022 1397 2090 altri

163 2138 234 2205 che
251 2137 279 2204 si
295 2139 433 2206 douessi
449 2141 554 2208 lassar
571 2141 593 2205 il
610 2142 725 2208 studio
743 2143 809 2209 tale
833 2164 853 2210 a
874 2141 1051 2228 relligiosi,
1070 2152 1104 2210 et
1127 2163 1195 2207 non
1216 2139 1244 2205 si
1261 2139 1396 2206 satisfa-

163 2255 273 2322 rebbe
288 2254 354 2322 alla
370 2255 559 2323 intentione
574 2259 618 2324 de
634 2258 804 2344 proueder
820 2259 853 2326 le
869 2257 985 2325 chiese
998 2279 1020 2323 o
1032 2256 1193 2346 parochie
1208 2257 1252 2324 de
1266 2254 1395 2343 pastori
1429 2305 1432 2312 .

163 2368 319 2451 litterati,
337 2372 463 2457 perche
485 2371 509 2436 li
536 2371 646 2438 nostri
675 2393 743 2439 non
767 2393 914 2458 possono
933 2369 1077 2459 piglia're
1104 2371 1204 2438 simili
1234 2391 1329 2438 cure.
1355 2370 1393 2439 Si

161 2487 230 2553 che
246 2487 278 2553 la
294 2485 403 2572 prima
418 2486 473 2554 via
490 2509 571 2574 pare
587 2490 654 2556 che
670 2488 799 2574 patisca
815 2487 926 2574 questi
943 2487 1212 2556 inconuenienti.

233 2604 283 2668 La
300 2603 354 2668 2⁸
370 2600 426 2668 via
442 2603 472 2683 ὲ,
491 2605 653 2670 hauendo
670 2606 692 2669 l'
711 2604 901 2672 intentione
916 2606 1009 2672 detta
1021 2606 1066 2672 de
1082 2604 1231 2690 riparare
1248 2603 1271 2670 li
1288 2604 1394 2670 studii
1490 2631 1494 2642 ¹

163 2716 362 2804 theologici,
381 2719 600 2785 comminciar
617 2720 673 2808 piu
689 2721 733 2787 de
748 2721 898 2787 discosto
914 2742 934 2787 a
950 2741 1130 2807 preparare
1150 2721 1173 2786 li
1195 2718 1342 2786 auditori
1358 2730 1394 2785 et

161 2833 363 2920 disponerli,
381 2855 479 2903 come
494 2837 615 2902 sarebe
630 2837 683 2902 far
698 2839 761 2905 che
778 2838 809 2906 le
826 2835 1000 2924 Prouincie
1017 2836 1234 2903 mandassino
1251 2835 1392 2921 giouani

161 2949 326 3016 destinati
344 2951 377 3016 al
397 2951 492 3016 detto
513 2951 627 3016 studio
643 2951 686 3018 de
708 2951 893 3038 theologia,
916 2951 939 3018 li
960 2951 1051 3038 quali
1072 2953 1181 3038 prima
1202 2951 1231 3018 si
1254 2952 1391 3017 tondas-

162 3064 241 3130 sino
258 3049 349 3132 nella
366 3065 485 3152 lingua
501 3066 617 3147 latina,
636 3077 671 3136 et
687 3067 742 3134 chi
759 3069 895 3134 hauessi
912 3069 1041 3136 talento
1058 3091 1080 3134 o
1098 3067 1178 3134 fossi
1201 3078 1273 3134 atto
1288 3067 1391 3133 etiarn

162 3181 254 3249 nella
271 3202 376 3266 greca
393 3194 427 3248 et
443 3183 583 3264 hebrea3
602 3193 637 3250 et
653 3183 754 3269 dopoi
770 3186 835 3250 che
859 3183 986 3250 fossino
1007 3183 1073 3252 ben
1096 3183 1253 3250 instructi
1272 3183 1305 3248 in
1328 3184 1393 3248 hu·

162 3295 306 3375 manith,
324 3299 389 3364 che
406 3319 451 3362 vn
467 3299 599 3384 grande
616 3321 771 3380 numero,
789 3321 886 3368 corne
902 3301 1092 3367 sarebbono
1104 3311 1205 3366 cento
1217 3320 1238 3364 o
1251 3289 1390 3378 incirca,

160 3409 380 3478 cominciassi
397 3411 420 3477 il
436 3434 535 3482 corso
549 3415 639 3482 delle
655 3415 731 3495 arti,
750 3427 784 3482 et
800 3415 829 3483 si
842 3415 1096 3486 essercitassino
1108 3413 1392 3502 diligentemente
1478 3389 1482 3404 ⁵

162 3527 198 3594 in
212 3529 340 3612 quello,
359 3541 393 3594 et
410 3527 432 3594 l'
449 3531 528 3596 anni
545 3531 767 3617 consequenti
796 3531 872 3598 altri
894 3534 961 3600 ben
990 3531 1120 3598 sond'ati
1148 3530 1182 3596 in
1211 3530 1389 3598 humaniti

161 3641 382 3712 intrarebeno
399 3645 434 3712 in
448 3645 515 3712 bon
528 3669 670 3714 nurnero
683 3647 718 3713 in
729 3648 806 3714 altri
819 3647 920 3732 corsi,
935 3649 1093 3715 hauendo
1107 3667 1240 3734 sempre
1253 3647 1276 3711 l'
1291 3645 1393 3712 ochio

161 3759 194 3826 al
211 3761 280 3826 fine
296 3761 387 3828 della
403 3761 589 3849 theologia,
608 3783 668 3848 per
683 3765 715 3829 la
732 3765 832 3848 quale
849 3764 871 3830 li
894 3763 1030 3832 maestri
1051 3764 1140 3830 della
1162 3762 1337 3830 humanitei
1356 3772 1393 3827 et

161 3873 228 3942 arti
255 3874 442 3942 doueriano
471 3855 624 3944 anihrarli
645 3888 680 3947 et
707 3878 900 3946 inamorarli
928 3879 1217 3960 continuamente;
1240 3888 1275 3945 et
1303 3876 1391 3956 cosi,

161 3989 261 4056 tinito
277 3989 299 4056 il
317 4011 420 4058 corso
436 3993 525 4060 delle
541 3994 618 4075 arti,
637 3994 792 4062 almanco
808 3997 851 4061 de
869 4007 971 4074 cento
987 3999 1053 4064 che
1065 3995 1260 4074 intrassin0,
1280 3994 1303 4059 li
1315 3993 1391 4059 cin-

161 4119 291 4192 quanta
306 4129 329 4174 o
345 4110 435 4185 forsa
452 4108 509 4194 pilr
526 4109 660 4177 seriano
676 4111 789 4178 idonei
807 4113 905 4198 peril
921 4132 1022 4178 curso
1037 4113 1081 4177 de
1097 4113 1129 4178 la
1146 4112 1334 4197 theologia:
1355 4122 1392 4178 et

161 4223 310 4290 essendo
327 4223 362 4290 in
378 4224 467 4291 assai
485 4247 643 4317 numero,
662 4237 697 4293 et
713 4225 901 4293 affetionati
913 4229 976 4294 alla
993 4228 1119 4294 tacultd
1133 4227 1341 4313 theologica,
1356 4238 1391 4293 et

160 4341 229 4406 ben
255 4339 386 4408 fondati
411 4341 500 4408 nelle
522 4341 665 4409 scientie
692 4341 855 4422 inferiori,
882 4345 1043 4412 farebeno
1068 4363 1149 4410 vero
1173 4345 1327 4430 proiecto
1355 4343 1390 4410 in

159 4456 287 4540 quella.

229 4575 362 4658 Questa
378 4573 433 4640 via
455 4597 536 4660 pare
557 4578 662 4642 molto
685 4578 786 4658 bona,
805 4598 860 4643 ma
881 4601 916 4644 se
938 4579 959 4642 li
977 4599 1125 4663 possono
1146 4599 1322 4663 opponere
1339 4578 1391 4642 al-

157 4689 241 4756 cuni
259 4689 527 4760 inconuenienti.
549 4693 573 4758 ll
590 4694 699 4780 primo
714 4696 745 4776 ὲ,
764 4697 827 4762 che
844 4695 872 4760 si
890 4698 981 4761 stara
999 4706 1096 4782 tropo
1112 4717 1131 4760 a
1153 4696 1256 4760 veder
1277 4693 1299 4758 il
1318 4695 1389 4760 fru-
