3468 5418
480 473 584 530 Eeiss.
606 471 922 540 2011.-19AUGUST1
944 481 1008 538 ¹55¹

709 670 785 752 2⁰11

466 805 790 871 HIERONYMO
824 805 1025 872 CRUCiO

548 949 636 992 1101111
653 950 918 1008 1911111113111551
936 939 955 992 ¹.

123 1043 403 1125 Multisfirmisque
416 1055 586 1109 rationibus
598 1053 764 1125 artificiose
777 1059 805 1110 et
823 1059 1025 1126 peramanter
1042 1057 1170 1110 sotiatur
1182 1052 1363 1123 Hieronymi

182 1143 324 1196 antimum
345 1143 524 1209 demulcere,
539 1144 759 1198 stomachatum
770 1145 868 1198 adhuc
881 1143 915 1197 ob
927 1144 1087 1198 discessum
1105 1141 1172 1214 filii
1185 1143 1217 1195 in
1232 1139 1361 1196 Societa-

184 1236 242 1287 tem
257 1235 389 1302 atquein
406 1233 606 1305 Hispaniam.

738 1359 752 1406 †

702 1415 778 1500 jhs.

199 1555 311 1624 Molto
327 1553 511 1640 magnifico
526 1554 644 1640 signor
659 1555 729 1622 mio
746 1556 802 1623 nel
819 1555 946 1642 Signor
962 1566 1091 1621 nostro.

200 1671 248 1738 Le
265 1691 400 1736 summa
424 1669 533 1756 gratia
549 1681 585 1738 et
601 1691 716 1739 amore
732 1683 851 1739 eterno
868 1671 911 1738 de
939 1669 1004 1736 X.⁰
1025 1670 1070 1736 N.
1094 1669 1131 1738 S.
1158 1668 1208 1735 sia
1229 1689 1363 1754 sempre

127 1787 166 1852 in
183 1785 331 1873 aggiuto
347 1797 381 1853 et
398 1787 495 1852 fauor
511 1797 640 1852 nostro.

198 1904 257 1969 Ho
272 1901 429 1969 riceuuto
445 1924 511 1968 vna
528 1904 570 1969 de
586 1902 629 1968 V.
648 1903 734 1971 Stia.
750 1905 793 1969 de
810 1903 921 1990 primo
937 1904 980 1972 de
994 1904 1142 1988 Agosto,
1162 1899 1307 1987 risposta
1319 1901 1362 1968 de

129 2020 219 2085 altra
233 2019 301 2084 mia
317 2015 341 2098 ²,
359 2019 393 2084 la
408 2019 508 2102 quale
524 2030 653 2084 mostra
674 2040 742 2084 non
764 2021 890 2085 hauere
912 2019 956 2085 V.
980 2018 1068 2086 Sria.
1092 2018 1204 2102 quella
1228 2038 1311 2102 paee
1327 2026 1362 2082 et

130 2134 249 2220 quiete
266 2135 332 2201 nel'
351 2134 464 2200 animo
481 2155 544 2200 suo
561 2137 617 2199 ch'
635 2134 706 2200 ioli
729 2134 897 2215 desider03
921 2145 956 2200 et
979 2133 1050 2200 cosi
1068 2133 1113 2200 mi
1133 2153 1232 2219 porse
1249 2153 1362 2200 essere

130 2250 154 2314 il
172 2251 291 2318 debito
307 2251 395 2316 della
421 2251 553 2317 chariti
570 2263 606 2317 et
633 2251 780 2317 amicitia
809 2252 922 2338 (quale
942 2273 1076 2337 sempre
1096 2253 1143 2316 ho
1163 2250 1314 2318 ritenuta
1331 2259 1364 2317 et

131 2365 284 2434 retenire
299 2365 354 2432 del
370 2377 473 2432 canto
495 2365 562 2432 mio
583 2388 683 2433 verso
699 2368 744 2436 V.
766 2367 867 2450 Stia.)
890 2367 1053 2453 replicare
1072 2377 1107 2434 et
1129 2364 1304 2432 sforzanni
1320 2366 1363 2432 de

132 2481 318 2562 mostrarli‚
337 2484 402 2548 che
419 2501 488 2546 non
505 2482 691 2548 doueriano
709 2494 804 2548 tanto
820 2483 943 2548 durare
960 2482 1071 2567 questi
1093 2481 1213 2563 nubili,
1237 2483 1280 2547 ne
1297 2502 1363 2547 con

131 2598 254 2664 effetto
269 2599 314 2664 ha
330 2586 373 2664 V.
393 2597 479 2666 Sria.
500 2599 691 2678 occasione,
718 2621 815 2666 come
837 2610 975 2680 mostra,
998 2601 1041 2666 de
1064 2610 1160 2665 tanto
1182 2598 1306 2666 dolersi
1331 2606 1365 2664 et

133 2713 328 2800 sdegnarsi,
358 2713 435 2779 anzi
451 2716 473 2778 l'
492 2716 537 2780 ha
553 2716 608 2782 del
623 2715 808 2796 contrario,
827 2737 864 2782 se
888 2713 916 2780 si
933 2715 1122 2802 disponessi
1140 2736 1160 2780 a
1177 2734 1365 2781 conoscere

132 2829 156 2894 il
173 2829 268 2896 buon
283 2840 373 2896 stato
394 2831 449 2895 del
466 2851 529 2896 suo
557 2831 699 2917 figliolo,
718 2843 753 2899 et
770 2830 791 2896 l'
812 2831 1060 2912 amoreuoleze,
1085 2852 1153 2896 non
1175 2815 1364 2896 solamente

132 2945 215 3025 mia,
235 2967 291 3010 ma
305 2945 408 3012 etiam
425 2947 468 3012 de
492 2957 582 3012 tutta
604 2959 731 3032 questa
758 2946 971 3034 Compagnie
999 2969 1099 3013 verso
1125 2949 1170 3013 V.
1193 2944 1284 3012 Sria.
1307 2948 1365 3012 Ma

130 3072 256 3146 queste
271 3082 353 3147 pare
369 3081 437 3126 non
455 3061 504 3126 sia
520 3062 564 3128 da
580 3062 635 3146 ley
651 3064 806 3142 creduto,
831 3063 967 3147 quando
988 3061 1063 3128 dice
1079 3063 1135 3127 ch’
1154 3061 1186 3126 io
1202 3081 1304 3128 cereo
1320 3061 1364 3128 de

132 3175 211 3242 farli
237 3175 426 3262 dispiecere
454 3187 489 3244 et
505 3177 590 3242 darli
606 3178 723 3246 dolore
738 3191 774 3244 et
791 3177 971 3264 trauaglio,
994 3178 1140 3243 essendo
1161 3175 1232 3242 cosi
1249 3177 1316 3243 che
1333 3174 1365 3242 io

131 3293 179 3358 ho
195 3303 332 3360 cereato
349 3291 430 3358 tutti
447 3291 467 3356 li
486 3291 576 3360 modi
593 3295 637 3360 de
658 3295 836 3361 consolare
853 3304 888 3361 et
908 3292 1061 3377 quietare
1082 3294 1126 3360 V.
1146 3291 1246 3370 sris,
1273 3290 1364 3376 quali

133 3407 204 3472 mia
221 3408 431 3476 conscientia
459 3413 503 3473 ιη’
522 3412 566 3476 ha
593 3431 779 3495 permesso.
799 3411 842 3476 Et
869 3431 928 3495 per
949 3422 1083 3494 quest0‚
1108 3409 1256 3494 potendo
1278 3407 1366 3474 tenir

133 3535 276 3610 coperto
292 3523 315 3588 il
330 3523 477 3610 negocio
493 3526 535 3592 de
552 3546 616 3590 suo
640 3525 770 3610 figliolo
786 3537 821 3591 et
839 3524 981 3591 leuarmi
1003 3527 1045 3592 de
1067 3523 1179 3608 questi
1201 3521 1364 3589 contrasti

132 3639 201 3705 che
217 3661 304 3705 sono
320 3639 460 3725 segniti,
480 3643 523 3705 ho
540 3640 658 3706 voluto
674 3643 738 3706 che
755 3640 882 3726 sapessi
904 3642 995 3707 doue
1011 3654 1109 3707 staua
1125 3635 1209 3708 sano
1229 3653 1264 3706 et
1281 3661 1366 3705 con-

137 3766 245 3836 tento;
264 3767 311 3837 et,
326 3777 346 3820 a
362 3753 416 3821 cio
433 3754 461 3821 si
478 3755 677 3834 consolassi,
693 3757 739 3822 ho
757 3757 877 3822 voluto
894 3759 959 3824 che
975 3755 1135 3824 scriuessi
1151 3754 1210 3841 pie
1226 3755 1318 3823 volte
1331 3754 1366 3840 (il

133 3876 200 3940 che
217 3893 285 3938 non
301 3870 329 3936 si
345 3882 499 3957 permete
516 3872 559 3944 ,ad
581 3871 657 3936 altri
679 3871 809 3943 nouitii}
832 3873 875 3938 de
891 3894 953 3938 sua
971 3894 1086 3938 manu.
1110 3874 1154 3938 Et
1177 3893 1236 3958 per
1254 3872 1276 3937 il
1293 3893 1367 3936 me-

134 3987 285 4054 dessimo
299 3989 423 4055 effecto
439 3989 482 4053 de
498 3987 675 4054 consolare
689 3989 734 4054 ho
748 3987 866 4054 scritto
880 3988 912 4055 io
925 3989 1047 4056 alcone
1059 3990 1151 4056 volte
1164 4011 1183 4054 a
1196 3991 1241 4058 V.
1260 3987 1363 4066 sria.,

135 4115 172 4168 et
188 4105 234 4170 ho
250 4103 335 4170 fatto
351 4091 500 4171 scriueie
517 4115 551 4169 et
568 4105 699 4189 parlare
716 4105 759 4170 ad
776 4106 860 4171 altre
877 4125 1022 4190 persone
1043 4106 1086 4171 de
1107 4103 1187 4191 ogni
1201 4103 1363 4190 rispeeto.
1412 4165 1415 4170 ,

136 4221 180 4285 Et
197 4220 406 4298 finalmente,
424 4231 553 4304 quanto
569 4220 603 4286 io
621 4223 665 4285 ho
681 4232 801 4305 potuto
819 4222 880 4287 far'
899 4242 1002 4286 senza
1020 4231 1146 4288 metere
1163 4220 1198 4286 in
1214 4219 1367 4306 pericolo

134 4336 160 4400 l'
178 4335 290 4402 anima
307 4357 326 4400 a
343 4356 398 4402 me
414 4337 656 4403 racomandata
671 4337 727 4403 del
744 4357 807 4402 suo
823 4335 964 4422 figlioto,
988 4349 1022 4406 et
1038 4337 1070 4402 la
1091 4359 1153 4403 sua
1174 4335 1368 4403 constantia

191 4523 199 4555 ¹
237 4525 281 4577 Ex
295 4524 471 4579 adversariis
493 4526 684 4596 autographis
704 4525 736 4578 P.
758 4525 888 4594 Polanci,
908 4526 937 4580 in
956 4523 1058 4581 codice
1077 4525 1175 4596 Epist.
1192 4525 1321 4582 Poianci
1333 4545 1369 4581 ex

132 4631 255 4690 nomm..
270 4613 349 4685 dupl.
365 4612 429 4682 fol„
443 4633 472 4670 n.
490 4613 550 4686 187,
566 4614 645 4686 ptius
661 4613 722 4671 183.

190 4707 201 4736 ¹
240 4701 315 4756 Vide
328 4702 481 4774 epistolem
499 4715 577 4772 1957,
591 4720 666 4774 quae
677 4703 756 4758 diem
773 4717 804 4772 14
818 4703 889 4774 Julii
903 4721 972 4777 pree
986 4721 1019 4759 se
1032 4705 1099 4760 iert.
