3486 5420
399 503 451 560 492
779 487 987 544 Monununrs
1007 487 1184 542 lausanna

361 643 420 707 ch'
438 642 594 708 altronde
610 641 640 708 si
655 641 807 726 prouede
823 661 884 726 per
900 637 1067 708 Ferraria.
1086 640 1115 704 E
1129 659 1195 704 con
1211 649 1334 722 questo
1350 659 1416 704 non
1431 641 1505 705 vedu
1517 643 1586 705 ch’

360 759 449 823 altro
466 757 573 823 acada
588 756 800 843 risponderc‚
819 777 856 822 se
872 777 941 820 non
958 756 1063 820 molto
1079 753 1347 820 racomandarmi
1367 755 1427 820 alle
1441 753 1587 821 orationi

359 873 406 939 de
429 873 472 939 V.
498 872 598 970 Sria..
624 893 644 938 e
667 874 836 958 preghare
851 873 936 959 Jesu
951 872 997 938 X.
1001 869 1017 900 ⁰
1038 869 1157 956 signor
1173 878 1290 936 nostro
1307 891 1326 934 a
1344 869 1421 934 tutti
1436 872 1587 936 conceda

361 1011 495 1092 sempre
511 988 621 1075 gratia
637 988 680 1056 de
696 986 825 1055 sentire
840 1007 903 1054 sua
918 983 1111 1052 santissima
1128 967 1269 1051 volunta
1285 1007 1304 1051 e
1321 987 1587 1071 perfectamente

358 1087 549 1190 adimpirla.

315 1268 319 1277 .
427 1219 481 1288 Dc
498 1221 605 1287 Roma
623 1239 666 1303 30
681 1220 725 1287 de
741 1217 883 1305 Magg1o
904 1231 1001 1300 1551.

428 1337 471 1400 In
488 1335 597 1402 altero
609 1336 760 1421 pagina.
780 1336 846 1401 Per
863 1355 931 1398 vna
947 1332 1071 1400 sorella
1087 1332 1131 1399 de
1147 1333 1250 1400 Mtro.
1269 1333 1356 1397 Tho.
1376 1331 1528 1418 Giglio¹.

927 1477 1017 1556 1842

703 1607 843 1680 PATRI
866 1611 1053 1697 JACOBO
1080 1607 1247 1679 MIRONI

727 1738 731 1748 ’
795 1740 884 1783 aona
907 1739 917 1781 1
939 1740 1018 1792 Junn
1042 1737 1107 1794 1551
1133 1729 1152 1780 ¹.

397 1845 529 1916 jubetur
542 1847 626 1901 intra
641 1845 704 1900 dias
717 1845 816 1900 decem
831 1844 869 1898 ab
882 1843 1010 1915 acceptis
1023 1842 1135 1898 littaris
1147 1843 1180 1898 in
1195 1841 1424 1916 Portugalliam
1437 1842 1534 1897 adire.

924 1959 1009 2102 Jr'ts

424 2151 471 2216 La
489 2170 585 2214 suma
602 2147 713 2234 gratia
729 2170 751 2233 y
768 2168 863 2213 amor
878 2159 998 2216 eterno
1014 2148 1057 2213 de
1074 2149 1138 2213 X.⁰
1160 2148 1204 2212 N.
1229 2147 1264 2214 S.
1290 2169 1348 2214 sea
1371 2147 1513 2230 siempre
1538 2169 1582 2213 en

356 2277 497 2330 nuestro
515 2263 681 2329 continuo
701 2265 798 2329 fauor
813 2286 835 2349 y
851 2264 976 2348 ayuda.

424 2378 616 2446 Charisirno
632 2403 674 2448 en
693 2379 724 2446 el
740 2380 851 2448 Sefior
867 2389 1008 2445 nuestro
1025 2381 1203 2447 hermano,
1222 2379 1339 2464 Ellrey
1355 2379 1399 2445 de
1416 2379 1586 2465 portugal

353 2515 410 2560 me
426 2497 470 2561 ha
487 2494 605 2561 scritto
627 2495 796 2560 haziendo
821 2498 945 2560 mucha
965 2505 979 2534 ²
1002 2493 1165 2561 instantia
1189 2516 1251 2581 por
1275 2505 1414 2560 uuestra
1438 2515 1586 2579 persona

355 2631 433 2694 para
460 2631 527 2696 que
550 2617 650 2696 seays
675 2610 880 2678 transserido
903 2633 946 2678 en
971 2631 1031 2675 sus
1055 2631 1178 2695 reynos
1201 2611 1244 2677 de
1266 2610 1445 2694 Portugai,
1465 2631 1525 2695 por
1551 2611 1587 2676 la

351 2727 481 2792 mucha
497 2725 623 2793 noticia
639 2748 662 2812 y
677 2725 891 2812 edificacion,
911 2747 978 2810 que
995 2748 1038 2792 en
1055 2727 1205 2810 aqueltas
1222 2735 1336 2810 partes
1352 2748 1389 2792 se
1402 2727 1444 2790 ha
1455 2725 1585 2792 habido

349 2862 419 2907 con
436 2852 575 2908 vuestra
591 2841 768 2928 presencia
785 2865 828 2910 en
845 2844 896 2908 los
914 2843 1057 2927 tiernpos
1074 2862 1140 2926 que
1157 2864 1218 2928 por
1234 2843 1300 2908 alla
1317 2841 1434 2908 habeis
1448 2839 1462 2880 ¹³
1482 2839 1582 2907 habi-

353 2959 444 3036 1000,
469 2963 580 3042 segon
596 2980 664 3044 que
685 2963 805 3043 vereys
822 2979 884 3044 por
899 2980 969 3024 una
990 2957 1088 3043 copia
1104 2959 1148 3024 de
1166 2979 1317 3042 unaque
1333 2958 1363 3023 el
1382 2980 1441 3044 rey
1457 2979 1510 3024 me
1525 2978 1582 3023 es·

348 3072 457 3140 cribe:
478 3072 616 3140 tanbien
638 3079 657 3139 a
681 3095 722 3138 su
747 3075 957 3140 embaxador
978 3073 990 3105 ¹
1012 3073 1145 3140 ascribe
1166 3077 1269 3140 sobre
1294 3075 1325 3138 10
1348 3095 1478 3140 mesmo
1501 3093 1582 3158 para

403 3267 417 3293 s
454 3251 518 3304 Hoc
531 3251 654 3306 verbum
668 3251 790 3305 addidit
804 3251 834 3305 S.
848 3251 1000 3322 [garetius.
1039 3251 1089 3293 ..b
1109 3250 1214 3304 hubeis
1233 3267 1286 3304 ms.

354 3357 551 3366 -—.—-——-—-

402 3407 414 3435 ³
452 3401 523 3456 lude
537 3409 618 3473 patet
631 3402 748 3456 cuinam
761 3399 949 3456 inscribenda
964 3401 1001 3458 sit
1015 3401 1088 3454 haec
1102 3400 1237 3471 epistola.
1252 3401 1340 3456 Soror
1355 3398 1433 3454 euim
1447 3398 1582 3469 magistr}

347 3485 427 3561 Liui,
441 3507 596 3563 quaecum
611 3488 726 3560 ignatio
738 3489 901 3544 litterarum
915 3489 1123 3544 commercium
1142 3489 1298 3562 aliquando
1314 3488 1427 3559 habuit,
1443 3503 1499 3542 uua
1516 3496 1582 3541 erat

348 3579 504 3652 Margarita
525 3577 598 3633 Lilia
611 3578 648 3633 de
668 3577 820 3650 Fantuzzi,
840 3577 878 3632 de
897 3596 954 3652 qua
974 3595 1062 3650 supra
1082 3579 1207 3648 egimus.
1227 3577 1302 3631 Vide
1316 3577 1469 3648 epistotam
1491 3589 1576 3645 1702.

348 3667 432 3722 Hanc
447 3685 531 3739 porro
544 3667 673 3722 editores
687 3666 874 3722 matritenses
888 3668 987 3738 operis
1003 3667 1162 3722 carrarca
1178 3667 1241 3722 San
1258 3668 1389 3738 ignncio,
1410 3667 1445 3729 11.
1459 3664 1522 3737 344,
1541 3665 1580 3722 ad

346 3755 560 3826 Hieronymum
574 3755 656 3810 Sauti
669 3754 767 3809 datam
787 3765 940 3826 putavere,
959 3754 1024 3809 sine
1042 3753 1133 3809 dubio
1153 3753 1221 3826 quia
1239 3753 1469 3825 inscriptionem,
1491 3755 1582 3810 atteri

347 3845 471 3916 paginae
484 3845 658 3916 appositam,
673 3844 793 3899 minime
807 3843 953 3898 viderunt.
970 3843 1126 3898 Caeterum
1142 3843 1178 3897 de
1198 3843 1338 3914 piissimis
1357 3842 1474 3897 feminis
1487 3843 1580 3898 bono·

344 3932 510 4005 aiensibus,
522 3950 597 4006 quae
609 3941 772 3988 nostrorum
784 3949 872 4005 opera
880 3933 1051 4003 utebantur,
1062 3929 1196 3987 videatur
1208 3931 1387 4004 Focaneus,
1403 3931 1528 3999 Chron„
1538 3933 1580 4004 11,

234 4081 239 4090 ,
348 4022 400 4093 193
413 4032 444 4078 et
460 4035 521 4092 194.

400 4175 407 4206 ¹
449 4176 490 4228 Ex
504 4172 692 4239 aduersariis²
707 4189 793 4226 manu
807 4172 838 4230 S.
856 4171 961 4242 Ignatii
976 4171 1140 4238 castigatis,
1155 4171 1184 4227 in
1197 4171 1269 4226 Cod.
1283 4173 1367 4230 Rom.
1379 4173 1406 4246 I,
1417 4191 1446 4227 n.
1458 4170 1580 4246 CXLII,

343 4264 433 4318 unico
449 4262 526 4318 folio.
541 4263 645 4318 Exstat
659 4262 723 4332 ejus
736 4261 926 4316 summarium
941 4261 970 4315 in
984 4261 1086 4316 codice
1101 4263 1220 4334 Regest.
1236 4261 1260 4334 J.
1275 4259 1326 4316 fol.
1344 4275 1424 4330 177v,
1437 4279 1517 4316 vers.
1532 4259 1579 4321 32.

340 4351 503 4419 ⁴-Cartos,
519 4370 550 4407 n.
569 4350 719 4407 CCXXX.

398 4445 409 4476 ²
448 4441 504 4495 Hic
524 4450 586 4496 erat
607 4441 775 4510 Alphonsus
797 4438 996 4512 Lancastrius=
1017 4439 1139 4510 Joannis
1158 4441 1200 4494 111
1219 4457 1321 4514 nepos,
1345 4440 1394 4512 qui
1414 4441 1582 4498 balthasari

345 4529 447 4585 Fariae
461 4545 553 4602 nuper
566 4537 761 4584 successerat.
779 4529 875 4600 Epist.
891 4529 1017 4596 Mixtae,
1032 4529 1082 4599 111,
1098 4529 1142 4598 263
1158 4529 1328 4602 Annaeus,
1343 4529 1493 4584 Chronica
1503 4531 1581 4590 do...

345 4619 439 4690 Ray...
454 4619 531 4673 Dum
540 4617 620 4689 Jodo
634 4635 651 4672 o
664 4617 721 4688 HI,
742 4619 776 4672 P.
791 4617 842 4686 1V,
861 4635 938 4690 paga
958 4619 1020 4672 260.
1043 4617 1131 4672 Porro
1151 4617 1246 4687 Faria,
1267 4625 1299 4672 ut
1318 4635 1354 4674 ex
1374 4619 1502 4690 epistota
1527 4621 1583 4676 203

338 4709 467 4779 eruitur,
481 4709 573 4764 Roma
586 4708 604 4764 3
618 4708 685 4780 Maji
702 4722 767 4778 1551
784 4708 934 4766 discessit.
