3620 5428
422 453 457 509 32
799 458 1007 516 Mononenen
1027 460 1208 516 lewinne

455 607 506 692 3.⁰
554 611 645 696 Que,
660 631 797 697 aunque
808 614 927 698 podria
943 613 987 680 N.
1007 615 1047 680 P.
1063 625 1209 680 mostrar
1224 634 1289 700 por
1309 623 1459 681 ventura
1477 618 1557 698 aqui
1573 635 1620 680 su

387 726 484 805 lena,
503 747 570 812 que
587 747 631 792 no
648 727 764 811 quiere
780 729 934 797 hazerles
949 729 1125 815 desplazer
1138 729 1172 796 ni
1189 730 1292 811 dane,
1307 751 1352 798 en
1365 729 1613 818 spec-ialflinter-

283 829 285 836 ⁴
389 841 551 908 uiniendo
567 845 603 912 S.
624 843 716 921 Sria.
739 845 837 910 Rma.

452 957 505 1039 4.0
552 960 631 1044 Que
646 982 708 1028 ven
726 960 758 1026 el
774 959 1037 1047 interrogatorio
1057 961 1204 1053 original
1225 985 1246 1047 y
1267 962 1300 1028 la
1321 982 1467 1046 procura
1483 961 1526 1026 de
1543 960 1617 1026 Lu·

277 1143 279 1148 ,
386 1071 456 1156 cio,
475 1097 497 1158 y
515 1095 583 1159 que
599 1097 746 1160 procure
761 1096 830 1162 que
846 1077 928 1142 todo
945 1099 982 1143 se
998 1098 1192 1164 componga
1209 1098 1274 1146 con
1292 1078 1389 1157 ellos,
1413 1087 1480 1144 ete.

960 1266 1037 1346 1170

735 1407 876 1473 PATRI
895 1407 1083 1494 JACOBO
1110 1408 1270 1475 LAINIO
1332 1457 1336 1467 .

837 1546 1039 1615 nonn3nn11
1054 1560 1124 1617 1550
1140 1552 1160 1604 ¹.

387 1679 433 1738 De
440 1683 648 1754 gubernatore
660 1683 867 1738 domun-De
880 1685 991 1739 litteris
1003 1685 1045 1738 od
1051 1689 1214 1756 proregem
1227 1681 1347 1760 ejusque
1354 1681 1459 1756 filiam
1470 1683 1580 1738 missis.
1588 1709 1619 1722 -

438 1771 484 1828 De
497 1772 629 1827 subsidio
639 1778 699 1844 pro
708 1775 797 1828 ciomo
810 1789 942 1828 romano
955 1773 1169 1846 accepim-De
1178 1773 1376 1846 vectigalibus
1386 1777 1446 1844 pro
1457 1773 1618 1844 pannormi-

436 1866 509 1915 iono
520 1862 648 1936 collegio
660 1862 934 1918 stabiliendo-De
947 1862 1028 1918 bullo
1041 1862 1216 1918 authentico
1227 1862 1298 1932 jam
1311 1861 1508 1916 missae-De
1519 1878 1618 1916 exem·

438 1951 489 2020 pio
506 1951 696 2017 litterarum,
714 1969 790 2022 qnos
801 1952 1006 2022 Hieronymus
1022 1953 1071 2008 dei
1086 1950 1199 2022 Campo
1219 1950 1426 2012 otium-De
1444 1949 1620 2006 enrzdidotis

439 2040 568 2094 Romam
580 2040 835 2096 mittendis.-De
845 2041 985 2096 benevola
996 2042 1184 2114 proreginne
1197 2041 1355 2104 morientis
1372 2039 1528 2094 voluntate
1540 2055 1619 2112 erga

435 2130 631 2201 gymnasium
642 2130 908 2201 panormitanum.
925 2161 937 2169 -
946 2129 992 2186 De
1003 2130 1187 2201 frequentia
1197 2131 1386 2196 litterarum,
1399 2127 1475 2200 qnae
1488 2147 1523 2184 ex
1539 2129 1620 2184 Urbe

440 2221 567 2276 dantur.
579 2249 599 2258 -
607 2218 652 2274 De
661 2219 758 2274 dilato
770 2219 920 2274 sociorum
934 2219 1139 2274 lusitanorum
1153 2221 1294 2276 adventu.

455 2355 707 2423 Falerno-1.
730 2355 807 2423 Vna
829 2356 951 2422 lettera
972 2355 1182 2434 mostrabile,
1207 2355 1296 2420 doue
1317 2353 1344 2420 si
1362 2351 1438 2419 dica
1458 2354 1530 2440 ¹ch'l
1552 2375 1619 2440 go-

343 2451 345 2456 ’
388 2480 549 2537 uernator
565 2471 608 2537 de
623 2470 655 2536 la
668 2493 810 2556 mayson
826 2483 860 2539 et
876 2472 932 2538 del
948 2459 1043 2558 eap.⁰
1060 2469 1156 2558 seg.'b
1168 2467 1241 2560 [sic]
1253 2471 1282 2536 si
1299 2472 1544 2537 confessorono
1555 2491 1619 2554 ge-

388 2596 611 2663 neralmente.

455 2845 488 2894 2.
521 2865 523 2870 ·
537 2827 574 2896 Si
591 2827 663 2894 diri
680 2829 769 2896 nelle
785 2828 915 2915 figliole
930 2850 1028 2898 come
1043 2830 1071 2896 si
1089 2831 1106 2896 ὲ
1123 2829 1243 2896 scritto
1259 2829 1291 2895 al
1311 2827 1424 2895 vicere
1447 2839 1482 2894 et
1503 2828 1620 2894 donna

386 2943 531 3010 'isabella
553 2943 578 3010 ’.

455 3077 486 3142 3.
536 3058 625 3126 Delli
642 3077 707 3126 200
729 3058 800 3132 νβ
815 3060 1004 3129 riceuuti³.

454 3192 486 3255 4.
536 3174 635 3240 Della
650 3176 746 3242 botte
762 3175 796 3243 di
812 3176 893 3242 vino
909 3197 979 3243 non
995 3176 1155 3244 arriuata.

455 3306 489 3372 5⁴.
537 3289 640 3357 Che'l
656 3291 757 3357 Padr’
780 3292 919 3360 intende
947 3295 1012 3358 che
1039 3293 1071 3360 la
1094 3291 1296 3360 fundatione
1322 3292 1378 3360 del
1394 3290 1543 3376 collegio
1560 3312 1617 3358 se·

387 3427 494 3472 ranno
510 3403 533 3470 li
550 3421 615 3489 500
637 3421 668 3478 V
679 3405 706 3472 δί
721 3429 824 3474 senza
841 3407 864 3474 li
880 3407 957 3474 altri
974 3425 1038 3492 500
1054 3411 1119 3476 che
1135 3409 1177 3476 de
1194 3409 1227 3476 la
1243 3407 1339 3478 cittii.

454 3521 487 3587 6.
536 3524 613 3592 Che
627 3521 677 3588 sia
694 3524 853 3590 mandata
873 3525 906 3590 la
933 3525 1024 3591 bolla
1051 3523 1258 3608 auctentica,
1277 3535 1313 3594 et
1328 3527 1393 3590 che
1413 3524 1445 3591 la
1463 3521 1618 3589 facciano

388 3639 552 3724 stampar'
568 3640 601 3706 le
617 3637 652 3703 in
664 3637 797 3728 Sicilia.

454 3769 488 3836 7.
535 3753 609 3821 Che
625 3737 819 3822 hanessimo
834 3755 867 3820 le
887 3754 984 3841 copie
1000 3755 1088 3823 delle
1105 3756 1226 3824 lettere
1242 3758 1308 3823 che
1324 3766 1423 3840 porta
1445 3752 1617 3837 Hierony-

388 3890 443 3934 mo
459 3868 514 3936 del
530 3870 675 3956 Campo,
694 3891 749 3936 ma
765 3869 813 3936 lui
829 3892 898 3937 non
915 3870 933 3938 ὲ
949 3883 1090 3938 venut0.

454 3985 486 4050 8.
534 3985 634 4052 Deila
649 3985 787 4052 licentia
803 4007 863 4071 per
879 3986 1019 4054 mandat
1036 3985 1059 4052 li
1076 3985 1217 4072 giouani
1233 4010 1253 4054 a
1274 3988 1393 4066 Roma,
1413 3985 1481 4072 apti
1500 3994 1535 4053 et
1550 4001 1617 4050 con

387 4101 488 4166 modo
504 4099 539 4166 di
555 4100 690 4168 vestirsi
704 4123 771 4186 qua
788 4102 813 4168 ⁴.

440 4341 449 4375 ¹
488 4341 532 4396 Ex
545 4339 647 4396 codice
663 4341 782 4414 Regesi.
794 4337 820 4407 1,
843 4339 894 4396 fol.
918 4342 999 4411 196v,
1015 4357 1092 4398 vers.
1112 4339 1206 4412 35-42.
1230 4339 1407 4413 Scriptionis
1420 4350 1536 4413 tempus
1549 4356 1618 4395 con·

388 4439 447 4486 stat
461 4447 497 4485 ex
512 4428 638 4500 epistola
652 4441 732 4500 1174.

440 4523 451 4554 ²
489 4517 565 4572 Vide
580 4518 721 4590 epistolae
737 4529 805 4587 1145
819 4527 850 4574 et
865 4519 948 4587 1146.

441 4609 452 4640 ³
490 4605 733 4679 Videepistolam
749 4607 827 4666 1126.
958 4607 960 4614 ⁴

440 4702 452 4733 ⁴
491 4697 989 4780 Dehecreagiturepistola11603
1027 4701 1028 4704 ’
1072 4697 1078 4730 ·’
