3468 5418
372 453 427 521 604
752 451 958 507 Monuuaura
978 450 1158 507 lunisiana

336 615 394 672 cto
410 606 453 672 de
469 614 590 689 queste
606 603 744 684 fatiche,
762 604 895 684 benche
911 625 981 671 non
995 603 1045 671 sia
1057 605 1101 670 de
1113 615 1213 688 tropo
1226 601 1504 680 consideratione,
1518 623 1553 667 se

337 719 367 788 si
379 722 508 787 hauera
520 722 553 785 d’
569 730 740 805 aspettare
751 738 805 801 40
819 718 840 784 6
852 717 920 794 ani,
936 718 1138 786 trattandosi
1151 719 1195 788 de
1212 740 1279 784 vna
1291 739 1373 784 cosa
1386 729 1548 804 perpetua.

226 821 229 828 ¹
338 837 364 903 ll
381 837 433 902 2.⁰
448 838 480 916 e,
499 837 566 910 che
585 856 670 903 sono
691 835 840 902 scholari
864 835 953 904 nella
974 835 1163 902 uniuersitai
1184 834 1281 902 molti
1304 834 1456 920 prouecti
1470 834 1552 902 nelle

337 952 468 1039 lingue,
487 962 521 1020 et
537 950 651 1018 alcuni
668 951 725 1019 nel
740 971 842 1038 curso
858 953 902 1020 dc
917 950 1145 1038 philosophia,
1163 949 1186 1016 li
1203 950 1295 1036 quali
1312 972 1382 1016 non
1404 949 1433 1016 si
1446 949 1536 1035 dispo

338 1069 513 1137 nerebeno
529 1089 549 1134 a
565 1065 693 1136 sentire
710 1087 791 1134 cose
806 1065 968 1134 inferiori.
990 1069 1041 1150 3.⁰
1057 1067 1134 1134 Che
1150 1087 1231 1154 pare
1247 1087 1315 1133 non
1332 1065 1383 1133 sia
1400 1075 1489 1131 tanto
1500 1065 1555 1130 de·

335 1193 437 1251 cente
454 1183 497 1250 ad
514 1203 581 1250 vna
608 1181 797 1251 uniuersita
817 1203 914 1252 corne
935 1182 1058 1264 Viena,
1077 1185 1142 1250 che
1163 1203 1224 1270 per
1244 1205 1291 1248 vn
1312 1192 1427 1267 tempo
1449 1179 1552 1246 nonsi

336 1299 462 1386 legano
484 1299 517 1368 le
540 1278 668 1366 inculta
691 1298 749 1384 piu
773 1299 852 1378 alte,
877 1299 912 1364 in
937 1309 1033 1366 tanto
1057 1300 1123 1366 che
1145 1298 1174 1365 si
1200 1298 1349 1364 sondano
1373 1298 1396 1362 li
1421 1295 1553 1364 auditori

337 1415 427 1483 nelle
443 1416 557 1483 basse.

405 1531 473 1598 Per
489 1531 621 1600 euitare
636 1529 749 1617 questi
766 1508 1024 1600 inconuenienti
1039 1530 1069 1598 si
1085 1531 1196 1618 potria
1214 1529 1322 1601 tenire
1334 1531 1367 1596 la
1386 1531 1438 1613 3.⁸
1450 1528 1509 1608 via,
1522 1537 1554 1592 et

336 1647 356 1714 ὲ
379 1659 514 1731 questa:
533 1647 710 1714 Lassando
730 1667 868 1716 correre
888 1647 921 1715 le
941 1645 1081 1714 lectioni
1105 1646 1148 1714 de
1169 1645 1381 1733 philosophia
1402 1643 1553 1712 comalio

338 1763 460 1830 adesso
484 1783 587 1844 vano,
613 1777 648 1828 et
671 1763 784 1847 quelle
807 1764 852 1830 de
875 1762 1061 1849 theologia,
1085 1761 1256 1842 insistere,
1275 1781 1375 1829 come
1394 1759 1424 1826 si
1445 1771 1554 1826 tocaua

339 1877 478 1947 nella
447 1901 503 1945 vra
519 1880 680 1959 seconda,
700 1889 734 1948 et
756 1878 885 1946 caricar
906 1879 1059 1946 larnano
1084 1877 1162 1945 nelli
1184 1877 1265 1944 boni
1285 1874 1494 1944 fondamentr
1505 1875 1552 1941 del

340 1996 458 2060 futuro
478 1992 593 2064 studio
617 1994 827 2077 theologico,
850 1996 1063 2082 preparando
1082 2004 1118 2063 et
1146 1993 1347 2061 instruendo
1373 1991 1397 2058 li
1421 1989 1553 2059 auditori

339 2108 420 2178 nelli
436 2109 589 2175 studii'
559 2112 616 2196 pni
632 2109 723 2178 bassi
735 2110 823 2178 delle
840 2109 998 2198 lingue,
989 2132 1025 2176 rn
1041 2107 1142 2178 ruodo
1154 2065 1222 2176 ‘che
1236 2108 1262 2175 li
1277 2107 1437 2188 scholari,
1455 2109 1516 2173 che
1526 2107 1553 2172 le

340 2224 518 2310 prouincie
535 2227 743 2293 mandarano
760 2248 827 2294 con
844 2238 966 2310 questo
983 2227 1051 2294 line
1066 2225 1109 2322 de
1125 2225 1276 2292 studiare
1292 2222 1479 2311 theologia,
1492 2222 1552 2290 etli

338 2340 416 2408 altri
433 2343 498 2409 che
513 2341 543 2408 si
565 2352 747 2408 trouarano
768 2344 857 2411 nella
877 2341 1065 2411 vniuersitrl
1092 2340 1177 2432 [per]
1199 2341 1350 2407 studiare
1372 2342 1404 2407 le
1432 2339 1552 2426 lingue,

314 2495 316 2502 ·
338 2458 526 2524 attendano
542 2481 562 2524 a
578 2457 731 2526 fundarsi
747 2459 834 2526 bene
850 2459 940 2527 nelle
955 2460 1075 2526 lettere
1091 2461 1254 2538 humane,
1269 2468 1347 2524 soto
1360 2454 1552 2542 preceptori,

337 2574 396 2639 ch'
420 2573 570 2642 habbino
586 2595 670 2642 cura
685 2575 729 2642 de
744 2575 935 2644 accenderli
952 2595 1017 2642 con
1033 2551 1192 2644 desiderii
1207 2573 1241 2640 di
1259 2573 1372 2658 quella
1392 2593 1488 2639 sacra
1503 2573 1554 2636 do-

339 2688 462 2771 ctrina,
480 2699 515 2758 et
531 2688 728 2775 imprimerli
743 2691 766 2756 l'
789 2711 904 2758 amore
925 2689 959 2757 di
979 2690 1104 2775 quella3
1123 2702 1158 2756 et
1180 2709 1278 2756 corne
1292 2688 1343 2756 sia
1361 2711 1407 2755 vn
1424 2709 1555 2754 numero

338 2805 430 2870 bono
446 2805 489 2871 de
501 2805 657 2891 prouecti
674 2806 763 2874 nelle
779 2805 910 2892 lingue,
928 2805 1170 2874 comminciare
1187 2827 1231 2871 vn
1248 2825 1348 2872 corso
1359 2805 1403 2870 de
1419 2802 1483 2870 arti
1498 2823 1553 2869 con

336 2919 506 2988 essercitii
526 2919 607 2988 boni
628 2932 663 2990 et
684 2921 826 3003 assidui,
845 2923 878 2988 al
899 2922 1001 2988 rnodo
1020 2923 1063 2988 de
1085 2919 1213 3008 Parigi:
1236 2932 1271 2986 et
1298 2919 1371 2987 cosi
1396 2918 1418 2985 l’
1438 2919 1492 2986 ani
1507 2941 1557 2984 se·

337 3035 470 3120 quenti,
489 3035 601 3103 insino
616 3059 636 3103 a
653 3047 748 3104 tanto
763 3041 840 3114 che,
859 3039 956 3105 finito
967 3037 995 3102 -il
1011 3059 1110 3104 corso
1125 3037 1205 3105 dell'
1219 3035 1284 3103 arti
1300 3056 1321 3100 o
1337 3024 1554 3122 philosophia,

338 3150 435 3218 siano
452 3152 548 3220 molti
564 3151 712 3220 auditori
728 3163 763 3220 et
779 3155 847 3222 ben
865 3151 1009 3232 fundati,
1028 3163 1062 3222 et
1074 3151 1260 3223 desiderosi
1272 3152 1363 3218 della
1376 3149 1555 3236 theologia,

336 3279 374 3336 et
391 3267 506 3334 alhora
523 3291 562 3337 se
577 3268 687 3354 potria
707 3267 915 3336 conrinciare
938 3269 961 3335 il
983 3289 1083 3336 corso
1106 3267 1140 3334 di
1164 3267 1289 3352 quella,
1307 3278 1342 3334 et
1366 3265 1440 3333 cosi
1463 3265 1486 3330 l’
1507 3263 1556 3332 ani

338 3382 563 3467 consequenti
579 3385 611 3454 al
628 3384 730 3450 modo
745 3385 790 3452 de
807 3383 935 3470 Parigi,
953 3401 988 3451 et
1005 3383 1037 3451 le
1058 3381 1196 3454 lectioni
1217 3381 1356 3468 publice
1376 3381 1557 3450 haueriano

340 3497 471 3584 magior
488 3519 666 3580 concorSO,
685 3511 720 3567 et
736 3500 904 3566 auditorio
919 3501 1043 3570 idoneo
1058 3519 1119 3586 per
1137 3500 1186 3564 far
1201 3499 1323 3565 fructo.
1340 3499 1384 3563 Et
1396 3497 1432 3562 in
1445 3507 1557 3582 questa

338 3611 458 3680 vltima
474 3614 530 3680 via
545 3614 568 3679 il
585 3615 742 3700 collegio,
760 3618 825 3710 che
846 3617 879 3682 la
895 3616 927 3682 la
948 3617 1076 3683 maesta
1092 3615 1148 3681 del
1168 3637 1206 3682 re
1227 3635 1288 3700 per
1302 3615 1335 3679 la
1351 3611 1557 3700 Compagnia

339 3740 467 3810 nostra,
486 3731 594 3816 potria
612 3731 664 3796 far
680 3753 747 3797 non
765 3752 851 3817 poco
867 3731 1026 3818 aggiuto;
1046 3731 1168 3816 perche
1182 3732 1310 3798 metera
1327 3727 1437 3815 prima
1449 3725 1558 3797 lectori

336 3845 382 3912 de
399 3844 519 3914 lettere
531 3847 575 3914 de
591 3847 769 3914 humanitd
786 3859 820 3915 et
836 3845 967 3934 lingue,
986 3846 1077 3931 quali
1094 3844 1278 3924 habbiano,
1296 3845 1385 3911 oltra
1400 3847 1432 3912 le
1448 3841 1559 3912 lectio·

339 3959 387 4040 ni,
406 3981 489 4027 cura
505 3962 654 4048 speciale
665 3964 709 4032 de
726 3965 779 4029 far
794 3963 823 4029 si
838 3963 1051 4044 essercitin0,
1069 3974 1104 4030 et
1116 3961 1250 4028 laciano
1263 3962 1420 4046 proiecto
1433 3960 1456 4026 li
1468 3963 1558 4026 scho-

338 4076 399 4142 lari
416 4076 451 4143 in
467 4079 588 4145 lettere
604 4089 639 4146 et
655 4079 814 4161 costumi,
832 4090 867 4147 et
882 4079 998 4147 amino
1010 4078 1034 4145 li
1050 4077 1154 4145 studii
1167 4078 1210 4145 de
1222 4075 1408 4163 theologia,
1423 4087 1460 4143 et
1471 4095 1560 4142 come

336 4191 414 4258 sarri
431 4214 477 4258 vn
494 4215 638 4262 numero
654 4205 870 4280 competente
885 4195 930 4263 de
946 4193 1093 4262 auditori
1108 4193 1265 4280 disposti,
1282 4189 1489 4260 similmente
1504 4211 1561 4278 po·

339 4309 390 4375 tra
407 4310 488 4376 dare
512 4308 535 4374 il
559 4309 706 4396 collegio
725 4310 845 4379 lectori
869 4333 928 4396 per
956 4310 988 4376 la
1012 4291 1240 4396 philosophia,
1258 4307 1350 4393 quali
1371 4308 1562 4392 procedano

336 4445 436 4493 corne
453 4426 470 4492 ὲ
486 4427 596 4504 detto,
615 4436 650 4494 et
665 4425 855 4512 disponano
871 4426 893 4491 li
911 4422 1058 4493 auditori
1083 4447 1143 4512 per
1159 4427 1192 4491 la
1205 4423 1400 4511 theologia,
1419 4434 1455 4492 et
1471 4445 1561 4489 come

338 4543 437 4607 siano
457 4541 613 4627 disposti,
631 4541 838 4610 similmente
860 4541 958 4627 potrai
982 4543 1043 4608 dar
1064 4540 1202 4610 maestri
1223 4541 1258 4608 di
1280 4563 1357 4609 essa
1378 4539 1560 4626 theologia,

334 4658 428 4741 quali
450 4657 583 4725 laciano
606 4657 627 4722 li
649 4656 751 4738 corsi,
776 4659 808 4725 al
831 4659 931 4724 modo
952 4658 1047 4726 detto
1068 4660 1111 4724 de
1133 4656 1267 4744 Parigi,
1291 4657 1382 4723 doue
1408 4657 1441 4723 la
1462 4656 1563 4722 Corn·
