3468 5418
794 453 1001 507 ltonuuarrru
1021 453 1199 509 tonstrina

625 755 764 822 PATRI
781 635 1114 848 CLAUDlgaleJO
1131 759 1192 826 EX
1210 761 1363 829 COMM.

700 931 703 942 ,
800 885 888 929 noun
902 875 919 927 8
932 885 1070 930 aueusrr
1086 887 1152 945 ¹551
1169 875 1189 930 ¹.

376 983 489 1038 Studia
503 985 668 1058 theologica
683 988 859 1043 instaurari
878 989 1069 1045 Vindobonae
1083 1007 1145 1060 qun
1163 991 1284 1045 ratione
1293 991 1423 1062 possint,
1435 989 1584 1064 significat.

979 1115 996 1167 †

952 1172 1026 1257 Jhs.

443 1300 492 1364 La
504 1302 615 1386 gratia
623 1312 657 1368 et
670 1323 756 1386 pace
769 1303 811 1369 de
828 1302 893 1370 X.⁰
906 1305 950 1369 N.
966 1305 1001 1372 S.
1018 1301 1068 1370 sia
1080 1324 1213 1389 sempre
1225 1315 1260 1371 et
1272 1325 1390 1371 cresea
1403 1305 1478 1371 nell'
1491 1305 1588 1371 anime

375 1424 502 1482 nostre.
670 1491 675 1502 ⁸

443 1531 509 1599 Per
525 1533 638 1614 quelle
654 1534 697 1628 de
715 1533 757 1600 V.
778 1535 818 1600 R.
838 1535 880 1599 de
897 1551 936 1600 21
952 1535 994 1599 de
1012 1533 1161 1620 Luglio²
1178 1536 1223 1600 ha
1236 1533 1365 1602 intesso
1381 1536 1426 1601 N.
1448 1537 1483 1600 P.
1498 1537 1584 1600 Mtro.

373 1647 507 1730 Ignatio
523 1646 556 1712 la
577 1645 767 1716 intentione
790 1658 885 1714 tanto
905 1661 1003 1714 santa
1019 1650 1107 1717 della
1129 1651 1257 1716 maesta
1278 1650 1333 1718 del
1355 1671 1391 1716 re
1412 1651 1482 1716 ’de
1499 1648 1584 1715 ritor-

339 1807 341 1812 ·
374 1783 466 1830 mare
483 1762 561 1830 nell'
580 1763 767 1830 uniuersita
785 1765 827 1831 de
845 1763 955 1832 Viena
971 1764 994 1830 li
1011 1765 1115 1831 studii
1131 1767 1175 1832 de
1193 1765 1381 1852 theologia,
1400 1765 1474 1832 anzi
1491 1765 1587 1830 ridur·

371 1875 409 1956 li,
427 1877 493 1946 che
508 1899 604 1958 sono,
621 1899 719 1946 corne
732 1879 952 1961 intendiarno,
967 1880 1065 1965 quasi
1077 1881 1239 1964 sbanditi,
1254 1901 1324 1948 non
1337 1880 1370 1946 vi
1383 1882 1524 1949 essendo
1534 1901 1585 1946 au-

371 1993 473 2060 ditori
495 1995 538 2060 de
561 1994 608 2060 tal
636 1995 775 2062 faculta.
801 1997 844 2062 Et
871 2008 977 2076 eert0,
1001 1997 1036 2061 in
1064 1997 1175 2083 questi
1200 1997 1304 2083 tempi
1324 2009 1359 2066 et
1379 1994 1587 2084 dispositione

370 2109 459 2176 della
475 2111 674 2190 Germania,
693 2131 775 2198 pare
798 2112 849 2179 sia
869 2111 1194 2180 conuenientissima
1214 2125 1249 2180 et
1270 2123 1514 2181 summamente
1533 2131 1585 2177 ne-

371 2224 520 2292 cessaria
538 2228 585 2291 tal
600 2226 827 2313 prouidentia,
847 2239 882 2296 et
898 2229 941 2294 N.
963 2231 1002 2294 P.
1021 2239 1056 2294 et
1073 2228 1153 2294 tutti
1169 2229 1367 2296 haueriamo
1380 2228 1485 2294 molto
1495 2229 1586 2294 charo

370 2342 435 2406 che
452 2342 484 2406 la
501 2343 717 2429 Compagnia
733 2353 849 2410 nostra
866 2365 968 2430 possa
988 2344 1118 2411 seruire
1139 2343 1173 2408 in
1194 2355 1316 2429 questo
1337 2365 1437 2410 asua
1457 2345 1582 2416 maara

369 2477 424 2523 ma
440 2456 515 2524 diro
530 2457 753 2527 liberamente
769 2481 789 2526 a
806 2459 850 2528 V.
868 2461 910 2526 R.
934 2461 965 2544 (a
981 2459 1034 2527 cio
1052 2459 1239 2545 representi
1254 2460 1287 2525 la
1305 2471 1401 2546 parte
1422 2462 1487 2525 che
1503 2457 1523 2524 li
1533 2477 1584 2544 pa-

360 2573 445 2660 reri
462 2595 482 2641 a
499 2575 531 2640 la
548 2575 676 2642 maesta
694 2577 749 2643 del
766 2577 813 2658 re)
830 2575 943 2661 quello
959 2578 1025 2642 che
1041 2576 1074 2642 di
1091 2597 1159 2661 qua
1175 2575 1203 2642 si
1221 2589 1317 2644 sente
1333 2575 1413 2644 delli
1436 2574 1520 2641 mezi
1534 2595 1585 2658 per

371 2689 418 2756 tal
436 2689 517 2771 fine,
536 2689 613 2756 cioe
629 2690 661 2758 la
677 2689 886 2776 riparatione
902 2690 981 2759 delli
998 2691 1101 2757 studii
1117 2692 1161 2758 de
1177 2691 1350 2778 theologia
1363 2691 1397 2756 in
1410 2690 1527 2757 Viena.

436 2805 504 2872 Tre
528 2806 583 2873 vie
611 2807 770 2892 potriano
789 2827 968 2876 occorrere
988 2831 1008 2874 a
1031 2807 1085 2880 chi
1107 2807 1333 2873 considerassi
1361 2817 1483 2892 questa
1503 2825 1581 2870 cosa.

368 2925 416 2989 La
433 2921 554 3009 prima,
573 2922 686 3008 quella
702 2924 768 2989 che
785 2924 828 2989 V.
849 2925 889 2989 R.
908 2923 1022 2992 scriue
1038 2925 1114 2990 vole
1131 2921 1219 2988 vsar’
1236 2923 1274 2990 S.
1295 2925 1357 3002 M,
1378 2919 1583 3009 prouedendo

366 3040 430 3105 che
446 3037 529 3124 ogni
545 3037 725 3124 prouincia
741 3038 856 3106 mandi
873 3039 987 3105 alcuni
1005 3038 1150 3106 scholari
1163 3061 1222 3124 per
1234 3041 1267 3105 la
1285 3037 1473 3124 theologia,
1487 3047 1519 3106 et
1529 3037 1582 3102 che

367 3153 464 3220 siano
487 3153 600 3220 alcuni
621 3154 701 3220 delli
728 3154 850 3234 nostri,
868 3167 902 3220 et
924 3155 951 3220 si
975 3153 1107 3220 taciano
1128 3153 1267 3222 lectioni
1289 3165 1324 3219 et
1348 3153 1510 3222 essercitii
1526 3153 1583 3219 fre

309 3277 312 3284 '
363 3268 497 3352 quenti,
515 3281 581 3338 etc.
601 3271 645 3335 Et
657 3280 779 3354 questa
796 3269 850 3336 via
866 3291 947 3356 pare
963 3270 1052 3335 saria
1067 3269 1173 3335 molto
1188 3267 1420 3337 conueniente
1433 3291 1470 3336 se
1486 3268 1512 3336 si
1526 3280 1585 3334 tro-

358 3384 487 3452 uasino
504 3385 537 3452 in
556 3384 678 3466 Viena,
697 3406 718 3451 o
736 3407 816 3478 vero
833 3385 861 3451 si
878 3384 1097 3452 mandassino
1113 3385 1203 3453 delle
1224 3383 1401 3470 prouincie
1420 3384 1513 3453 molti
1532 3406 1584 3450 au-

365 3501 479 3581 ditori,
497 3512 532 3568 et
549 3501 614 3567 ben
630 3499 774 3586 disposti
790 3524 850 3587 per
867 3511 1008 3568 trattare
1025 3500 1056 3566 la
1073 3499 1247 3588 theologia
1264 3511 1299 3566 et
1323 3503 1386 3566 far'
1404 3501 1540 3568 riuscita
1555 3500 1584 3564 in

366 3639 454 3698 essa,
473 3617 496 3683 il
512 3619 578 3684 che
593 3639 677 3704 pare
693 3615 721 3683 si
738 3637 932 3704 presupone
951 3616 987 3682 in
1014 3617 1110 3684 detto
1133 3615 1293 3702 disegno,
1312 3638 1411 3684 corno
1434 3638 1513 3684 cosa
1531 3636 1583 3681 ne·

365 3733 526 3817 cessaria3
545 3755 601 3801 ma
617 3754 700 3819 pare
719 3734 769 3800 sia
790 3735 834 3802 de
856 3745 965 3802 temer
985 3735 1049 3800 che
1070 3731 1206 3800 manchi
1236 3733 1269 3799 la
1289 3732 1513 3819 dispositione
1529 3733 1585 3799 tale

366 3872 427 3936 per
443 3851 512 3918 due
528 3871 642 3916 cause:
663 3850 790 3930 Prima,
808 3850 936 3934 perche
951 3848 980 3914 si
996 3859 1096 3914 troua
1113 3851 1220 3932 (corne
1241 3847 1273 3914 ci
1295 3847 1498 3934 informano)
1515 3844 1583 3915 nelli

365 3963 468 4032 animi
485 3966 528 4032 de
544 3963 699 4051 germani
716 3985 776 4050 per
796 3963 818 4030 il
840 3973 997 4050 presente
1019 3983 1104 4049 poca
1125 3961 1346 4031 inclinatione
1374 3965 1419 4031 de
1440 3963 1583 4040 volunta,

418 4144 425 4176 ¹
465 4145 509 4198 Ex
523 4141 701 4198 adversariis
714 4141 906 4214 autographis
918 4141 952 4196 P.
971 4141 1102 4210 Polemi,
1121 4141 1151 4196 in
1163 4140 1266 4196 codice
1285 4141 1384 4214 Epist.
1409 4141 1536 4196 Polanor'
1554 4157 1585 4194 tx

363 4249 485 4300 comm„
498 4231 579 4304 dupl.
595 4233 658 4304 fol,
673 4249 702 4289 n.
717 4230 761 4304 31,
777 4232 859 4303 prius
872 4229 906 4286 32
920 4245 951 4286 et
970 4229 1015 4286 33.
1030 4228 1207 4303 Scriptionis
1221 4239 1339 4302 ternpus
1351 4239 1469 4285 constat
1481 4245 1518 4286 ex
1530 4227 1583 4300 epi·

362 4325 439 4378 stola
453 4323 486 4381 P.
498 4322 568 4394 Jaji,
582 4340 669 4396 quam
684 4321 752 4377 vide
766 4321 795 4377 in
809 4339 908 4393 opere,
924 4321 953 4376 in
967 4319 1158 4375 annotatione
1171 4319 1308 4392 sequenti
1324 4319 1427 4388 citato,
1442 4336 1508 4392 pag.
1525 4317 1582 4386 374:

363 4411 421 4466 nLa
435 4411 540 4467 lettera
554 4410 591 4466 de
606 4412 641 4468 V.
657 4411 693 4465 R.
709 4411 742 4465 P.
753 4410 791 4465 de
805 4411 826 4465 li
839 4409 856 4464 8
869 4409 906 4464 de
921 4410 1095 4480 Agosto...»

414 4506 426 4536 ²
464 4503 619 4576 Epistolae
632 4503 696 4557 PP.
710 4501 869 4557 Paschasii
879 4501 994 4568 Brotti,
1009 4499 1136 4556 Claudii
1143 4498 1247 4573 Jaji..‚
1260 4515 1344 4571 pags.
1357 4497 1487 4568 369-371.

415 4595 426 4624 ⁵
463 4592 666 4648 Ferdinandus
677 4593 701 4648 1.
713 4592 760 4650 et.
772 4589 859 4663 hujus
870 4589 907 4646 ad
917 4589 1065 4662 Ignatium
1079 4590 1206 4660 litteras,
1215 4605 1291 4662 quae
1301 4589 1448 4644 habentur
1460 4587 1490 4643 in
1503 4601 1582 4659 opere

362 4682 520 4739 Cortosde
533 4684 598 4739 Son
613 4685 750 4757 [gnatia
767 4683 802 4754 ll,
818 4680 879 4752 548,
896 4698 932 4736 ex
949 4679 1147 4736 Bollandlanis
1161 4677 1299 4734 Patribus
1311 4675 1485 4750 descriptas.
