3454 5418
476 421 581 477 Errsr.
601 421 756 494 2189.-12
775 423 962 480 Noveramus
985 435 1050 494 1551
1199 417 1205 430 '
1289 435 1346 494 721.

141 576 273 656 nache,
298 575 598 642 medesimamente
617 573 646 640 si
676 575 743 661 pud
763 573 836 644 dire
864 578 929 642 che
954 598 1022 643 non
1048 577 1206 644 mancarri
1237 599 1316 644 casa
1340 577 1374 644 in

144 689 226 756 Pisa
243 699 268 760 ⁶.

216 803 287 888 14⁰
332 807 378 874 Se
394 806 523 874 fossino
537 806 574 874 in
597 806 677 873 Pisa
699 807 765 876 SS.
790 809 862 874 EE.
886 805 912 888 ἆ,
931 806 1118 876 doueriano
1134 810 1253 877 andar’
1279 810 1313 875 in
1337 809 1369 876 121

141 921 236 1000 tutti,
262 933 297 988 et
321 943 386 990 con
412 921 551 990 X.⁰ier0
566 921 589 988 li
606 932 657 990 tre
673 921 759 990 detti
774 933 799 1003 θ,
817 923 932 990 dando
948 923 980 990 le
1001 924 1134 1004 lettere,
1158 946 1320 1012 procurat
1336 924 1371 991 di

140 1039 275 1122 pariare
296 1039 361 1104 alla
381 1038 521 1125 signora
541 1039 712 1106 duchessa
731 1060 791 1125 per
812 1038 879 1110 uia¹
891 1040 947 1108 dei
963 1037 1104 1128 ssignos
1125 1040 1194 1106 don
1216 1040 1318 1128 Luigi
1334 1041 1370 1107 di
1472 1071 1478 1080 ·

140 1155 285 1234 Toled0,
303 1166 338 1221 et
353 1155 541 1241 procedere
555 1165 570 1204 ⁸
585 1176 684 1222 come
699 1155 735 1222 di
750 1177 864 1241 sopra.

212 1271 284 1353 15.⁰
329 1269 367 1338 Si
383 1271 579 1357 adopereno
594 1269 610 1310 ¹¹
625 1269 648 1336 li
664 1270 766 1338 amici
783 1271 819 1336 in
835 1275 963 1340 cercar'
983 1293 1050 1339 una
1064 1293 1143 1339 casa
1156 1271 1191 1338 in
1203 1274 1231 1340 F
1233 1272 1371 1340 iorenza

139 1408 161 1451 o
180 1385 272 1466 Pisa,
290 1407 328 1461 se
345 1409 413 1454 non
430 1388 450 1454 e
466 1397 601 1456 cereata
617 1386 635 1454 ⁵.

213 1504 284 1570 ιε’).0
330 1502 528 1572 Vedendosi
558 1504 674 1570 buona
704 1502 923 1570 rissolutione
953 1504 988 1570 di
1011 1505 1103 1582 ,star'
1136 1504 1170 1571 in
1203 1504 1368 1572 Fiorenza

137 1639 248 1686 ouero
273 1618 308 1685 in
331 1619 423 1700 Pisa,
446 1618 470 1684 ii
491 1619 603 1686 Padre
625 1619 694 1686 don
719 1618 853 1704 Elpidio
870 1619 882 1654 ⁸
899 1622 997 1704 porri
1021 1617 1157 1706 partirsi
1180 1640 1241 1704 per
1265 1619 1366 1686 Bolo-

136 1755 209 1820 gna
227 1745 294 1802 ete.
311 1733 330 1801 1.
770 1791 774 1800 .

205 1851 271 1916 Del
296 1851 396 1917 modo
419 1849 454 1916 di
478 1851 663 1936 procedere
687 1871 747 1938 per
771 1850 794 1917 il
818 1852 911 1916 buon
935 1871 1119 1938 progresso
1142 1853 1223 1920 dell'
1249 1874 1365 1939 opera,

136 1965 276 2049 quando
292 1987 415 2032 sarano
431 1965 599 2047 assettati,
617 1963 644 2034 s'i
661 1966 736 2034 dire
751 1967 794 2034 de
811 1977 931 2054 aparte
947 1965 973 2033 ¹‘.

188 2185 201 2213 c
241 2171 275 2224 in
290 2171 417 2227 uniter.»
430 2172 591 2226 adduntur
606 2171 689 2228 haec:
703 2171 823 2242 perche,
837 2171 985 2242 hauendo,
998 2171 1041 2242 gli
1053 2171 1154 2228 deuoti
1168 2171 1322 2230 medeeiini
1339 2175 1368 2228 la

133 2257 266 2314 duranno
277 2259 307 2314 di
324 2259 363 2330 11,
378 2261 485 2331 perche
498 2260 528 2316 in
542 2259 684 2316 Fiorenza
696 2277 755 2315 non
770 2261 908 2332 uogliono
920 2259 1012 2316 daria.
1049 2263 1100 2306 -d
1119 2262 1262 2317 onlnove
1279 2263 1368 2318 addit

135 2348 266 2404 uniter.»
303 2363 350 2392 -ε
369 2348 391 2406 11
409 2359 454 2405 tre
470 2348 546 2404 detti
561 2347 710 2420 scriptum
717 2348 786 2424 suit
803 2367 824 2403 n
836 2349 984 2416 Polemo·
993 2352 1084 2421 prius
1097 2350 1265 2423 legebatur:
1280 2352 1364 2406 Mtro.

136 2436 298 2493 Ludouico.
338 2441 384 2480 -f
400 2455 452 2510 per
466 2439 494 2494 la
507 2437 555 2494 uin
567 2440 623 2494 che
636 2437 656 2493 11
670 2439 760 2494 alter.
798 2453 847 2494 -i
865 2438 978 2494 Toledo
992 2439 1164 2508 monstrari,
1179 2439 1365 2512 procedendo

132 2526 228 2581 alter.
270 2529 318 2570 -b
340 2526 508 2599 adopernno
524 2527 616 2584 alter.
691 2529 697 2568 i
720 2527 892 2584 Obliteraia
910 2532 982 2582 sunt
1000 2529 1083 2584 haec.-
1103 2529 1171 2584 etii
1191 2529 1293 2584 fauore
1309 2529 1365 2585 che

133 2623 278 2688 potrnnno
300 2616 371 2671 dare
393 2615 485 2689 quelli
505 2633 559 2688 per
575 2615 623 2671 chi
645 2617 671 2672 si
689 2617 797 2672 scriue.
816 2617 853 2671 ln
871 2615 1010 2685 «alteror,
1027 2617 1090 2673 ioco
1107 2619 1256 2690 sequentis
1272 2623 1364 2688 para·
1395 2616 1399 2624 '

128 2705 262 2777 graphi,
286 2706 430 2762 habentor
454 2711 515 2761 iret
538 2711 691 2777 sequentes
717 2708 929 2780 paragraphi:
957 2707 1000 2762 16.
1027 2707 1066 2762 Se
1084 2706 1207 2763 ‘dicente
1232 2724 1319 2764 acano
1343 2709 1363 2764 il

131 2792 196 2848 Sre.
213 2794 272 2850 don
282 2793 379 2866 Luygi
390 2795 445 2850 che
459 2811 516 2850 non
526 2794 548 2850 li
558 2811 627 2867 pare
639 2794 748 2850 debbia
761 2796 874 2867 pariare
887 2812 904 2850 a
918 2795 949 2850 S.
964 2795 1073 2864 Extra„
1086 2797 1151 2852 nard
1160 2797 1219 2851 ben
1233 2797 1364 2857 monerio

129 2901 146 2938 a
165 2883 280 2954 pariare
297 2900 353 2940 con
373 2883 437 2940 dire
454 2885 522 2954 che,
539 2883 666 2940 essendo
678 2883 832 2955 compariti
850 2884 950 2939 auanti
968 2884 1000 2939 S.
1025 2885 1067 2955 S.,
1083 2893 1114 2939 et
1132 2885 1308 2956 publicatosi
1332 2886 1362 2940 in

129 2977 209 3026 tutta
224 2972 251 3026 la
264 2979 347 3027 corte
360 2973 416 3027 che
429 2971 582 3028 andauano
595 2973 624 3028 in
639 2973 781 3028 Fiorenza
795 2972 925 3028 secondo
937 2973 958 3027 1·
972 2972 1075 3027 ordine
1090 2990 1142 3044 per
1154 2971 1185 3030 S.
1199 2972 1296 3030 Extia.
1312 2973 1361 3044 gid

128 3057 212 3130 dato,
225 3061 273 3114 ch'
287 3062 404 3117 almeno
416 3062 442 3116 si
459 3059 552 3118 faccia
570 3061 725 3118 intendere
738 3061 759 3117 il
778 3069 857 3116 tutto
874 3079 892 3115 a
908 3059 962 3118 SS.
978 3061 1051 3133 EE.,
1065 3069 1096 3116 et
1113 3063 1175 3117 loro
1195 3063 1221 3117 si
1242 3071 1362 3118 conten·

129 3157 256 3205 taranno
264 3149 295 3206 di
308 3151 408 3223 quello
420 3151 441 3206 li
454 3151 518 3208 nari
531 3148 675 3208 ordinato.
693 3163 736 3221 17.
752 3151 838 3206 Nolle
850 3167 921 3206 cose
933 3151 1103 3207 hnueranno
1115 3151 1215 3222 dubio,
1231 3169 1283 3225 per
1295 3168 1363 3208 con·

127 3239 224 3295 sultnr
236 3239 276 3294 M.
291 3238 443 3296 Ludouico
457 3238 615 3313 adoperari
629 3249 677 3296 tre
688 3239 766 3312 altri,
780 3240 846 3296 cioe
860 3241 902 3295 M.
920 3239 1065 3314 Philippo,
1082 3239 1194 3309 Aiilon,
1206 3241 1360 3314 Xpoioro.;

129 3345 177 3384 rna
191 3329 219 3384 la
232 3328 412 3385 resolutione
426 3329 490 3385 dari
503 3328 533 3385 di
547 3345 615 3386 esso
628 3331 664 3386 Μ.
677 3329 837 3400 Ludouic0‚
851 3327 954 3385 nentiti
966 3329 1009 3400 gli
1022 3329 1099 3390 altri.
1117 3329 1160 3384 18.
1176 3331 1214 3386 Se
1227 3331 1248 3386 11
1261 3332 1361 3402 nignor

127 3418 188 3473 don
202 3416 290 3488 Luigi
302 3417 411 3474 dicessi
423 3419 479 3474 che
491 3437 550 3475 non
564 3419 583 3475 11
597 3421 659 3492 pnr'
673 3419 833 3476 douensinn
844 3419 965 3475 andan
985 3418 1054 3476 Pisa
1071 3437 1090 3474 o
1110 3435 1167 3474 non
1182 3421 1263 3486 tutti,
1278 3437 1361 3477 ouer

126 3509 184 3562 che
199 3524 257 3563 non
271 3507 292 3562 11
309 3507 422 3580 paressi
435 3510 490 3564 che
503 3506 663 3565 douessino
676 3517 799 3564 trattare
813 3523 868 3564 con
881 3507 942 3563 Sue
955 3508 1044 3567 Emit
1056 3507 1133 3564 ditte
1145 3525 1227 3581 cose,
1240 3509 1360 3567 attende

127 3598 156 3652 la
169 3594 343 3652 risolutione
356 3597 411 3652 che
430 3606 626 3668 rponntrorno,
639 3598 887 3669 interponeranno
900 3597 1000 3670 quello
1012 3596 1043 3654 iu
1061 3593 1145 3652 detto
1157 3600 1184 3653 al
1196 3615 1282 3672 papa,
1296 3608 1327 3655 et
1340 3601 1360 3654 il

126 3685 276 3742 cardinale
288 3685 319 3742 di
332 3687 364 3742 S.
383 3688 496 3758 Jacobo
510 3688 604 3758 unire,
619 3695 650 3741 et
662 3685 784 3742 iaranno
802 3685 822 3742 11
840 3686 915 3741 fatto
933 3703 998 3745 nuo.
1036 3687 1079 3738 -i
1099 3687 1183 3742 Haec
1199 3688 1360 3744 obliterata

124 3780 210 3832 sunt:
223 3785 254 3830 et
268 3775 298 3830 in
310 3777 409 3849 quella
421 3775 600 3833 fermandosi
614 3794 653 3832 un
672 3783 783 3848 tempo,
799 3775 919 3832 insin’n
936 3783 1019 3832 tanto
1031 3777 1087 3831 che
1101 3777 1211 3832 lenone
1226 3780 1251 3832 s’
1265 3788 1361 3834 asset·

126 3867 201 3932 tin03
216 3865 305 3937 dopoi
322 3865 485 3938 parendoii,
499 3867 525 3920 si
544 3865 627 3938 petri
644 3865 775 3920 cambinr
798 3881 853 3920 con
876 3865 934 3920 don
954 3865 1083 3932 Andren,
1102 3865 1132 3920 di
1154 3865 1263 3934 Padua,
1279 3883 1360 3924 mnn-

126 3954 253 4010 dnndolo
270 3971 288 4008 a
306 3953 448 4026 Boiogna,
466 3964 496 4012 et
514 3955 555 4011 lui
575 3954 710 4010 undando
733 3971 749 4010 a
768 3954 877 4028 Padua,
893 3953 970 4011 doue
988 3956 1078 4011 etiam
1096 3955 1165 4012 dari
1178 3956 1280 4013 ordine
1302 3959 1371 4015 aila·

125 4045 236 4116 schola,
251 4060 336 4099 corne
356 4045 385 4099 in
406 4045 527 4100 Ferrara
546 4053 604 4102 etc.
645 4049 693 4088 -k
713 4044 798 4102 Haec
814 4045 1044 4102 animadversio
1061 4064 1158 4101 manu
1172 4047 1208 4106 P.
1229 4048 1359 4105 Poinnei

125 4133 324 4206 additnsuit.

178 4325 190 4357 '⁸
227 4321 361 4395 Elpidius
375 4325 548 4395 Ugoiettus.

257 4759 358 4806 Monoi«.
374 4763 598 4819 ram-Ense,
611 4775 668 4809 rou.
683 4763 729 4810 111.
