3454 5418
493 495 597 554 Enrsr.
619 497 773 566 2078.-22
793 497 992 554 Sarranates
1014 509 1079 567 ¹551
1311 496 1366 564 659

170 651 292 716 tuendi
309 649 446 736 collegii
463 653 504 718 T.
524 653 564 718 E.
584 624 746 730 declarat,
765 662 813 732 et,
836 663 921 736 quot
936 652 1121 736 qualesque
1137 651 1296 716 doctores
1312 647 1402 713 mitti

168 764 315 851 possint,
335 765 510 834 admoneri
526 766 623 852 petit.
643 766 710 833 Hic
727 766 810 832 mihi
822 767 933 836 visum
945 765 1045 834 estin
1058 766 1207 834 Domino
1220 763 1401 831 consilium

170 891 341 961 nostrum,
361 901 429 968 quo
445 881 556 947 iuuari
573 903 674 966 posse
690 861 868 968 speramus
884 881 1140 950 uniuersitatem
1153 880 1401 968 ingolstadien-

168 1017 258 1076 sem,
277 996 433 1065 exactius
448 1019 524 1066 esse
541 998 786 1066 declarandum
803 1009 827 1063 ².

242 1231 429 1314 Postquam
458 1229 548 1296 enim
580 1230 689 1296 felicis
719 1229 904 1297 memoriae
932 1227 1165 1321 Uuilhelmus,
1195 1227 1403 1296 clarissimus

172 1360 272 1434 pater
288 1348 330 1414 T.
350 1347 404 1426 E,
423 1347 467 1414 de
483 1345 694 1412 instituendo
711 1347 857 1432 collegio
874 1357 990 1412 nostro
1003 1367 1083 1412 cum
1094 1367 1228 1412 summo
1241 1345 1403 1430 pontifice

169 1462 259 1548 egit,
278 1474 312 1528 et
329 1461 372 1551 ad
388 1460 463 1527 eius
479 1461 702 1528 fundamenta
722 1461 881 1546 jacienda
904 1463 991 1528 duos
1014 1484 1057 1528 ex
1081 1462 1208 1528 nostris
1232 1459 1404 1546 theologis

173 1580 217 1642 ab
234 1579 354 1646 eodem
372 1576 532 1656 obtinuit,
551 1577 680 1642 fuimus
696 1599 772 1658 nOS,
790 1598 830 1643 ac
847 1599 978 1656 sumuS,
996 1577 1088 1644 inea
1100 1575 1202 1644 animi
1220 1575 1401 1654 sententia,

173 1706 210 1758 vt
228 1693 256 1760 si
273 1691 457 1778 collegium
476 1690 602 1758 ibidem
624 1691 828 1778 erigeretur,
847 1693 905 1757 vbi
925 1693 1108 1759 multitudo
1128 1713 1283 1778 congrua
1303 1694 1401 1756 scho-

173 1808 371 1874 lasticorum
389 1818 583 1874 nostrorum
602 1807 645 1874 ali
667 1808 785 1894 possit,
809 1830 878 1874 non
899 1809 1009 1876 solum
1031 1809 1066 1874 in
1088 1810 1250 1876 facultate
1271 1808 1404 1874 theolo-

174 1923 266 2010 gica,
287 1945 405 1991 verum
429 1923 531 1991 etiarn
555 1923 589 1988 in
605 1923 691 2002 aliis,
715 1945 803 2009 quae
821 1924 1015 2011 theologiae
1032 1924 1265 2002 subseruiunt,
1285 1919 1405 2008 logicis

174 2039 336 2106 nimirum
358 2050 392 2105 et
410 2039 549 2124 phisicis
566 2039 729 2118 scientiis,
751 2051 786 2106 et
803 2039 877 2106 aliis
898 2041 1167 2118 humanioribus,
1192 2053 1259 2105 tarn
1278 2037 1403 2118 latinis,

172 2177 279 2241 quam
297 2155 410 2241 grecis
427 2165 462 2220 et
478 2154 647 2222 hebraicis
663 2155 797 2235 litteris
816 2157 1028 2240 professores
1044 2157 1088 2222 ad
1109 2177 1291 2222 comunem
1314 2153 1403 2218 vtili-

177 2283 284 2338 tatem
315 2269 616 2363 constitueremus.
646 2271 783 2355 Quibus
811 2293 878 2337 non
908 2269 991 2340 satis
1018 2281 1109 2337 esset
1136 2293 1215 2338 suas
1242 2271 1407 2338 lectiones

174 2387 390 2472 praelegere,
416 2387 484 2451 imo
505 2397 541 2452 et
563 2407 679 2452 curam
705 2387 911 2471 peculiarem
937 2388 1110 2472 profectus
1135 2389 1169 2452 in
1193 2385 1349 2452 doctrina
1372 2397 1407 2450 et

176 2502 330 2568 moribus
352 2501 549 2567 christianis
566 2492 744 2582 haberent3
769 2513 802 2569 et
818 2523 886 2568 noo
905 2512 1037 2568 tantum
1054 2504 1186 2586 doctos,
1204 2503 1265 2567 sed
1282 2513 1316 2569 et
1334 2501 1407 2587 pios

173 2639 217 2684 ac
234 2621 345 2684 bonos
360 2617 497 2692 efficere
510 2639 591 2682 suos
603 2617 776 2684 auditores
789 2630 997 2704 satagerent.
1013 2619 1183 2703 Quamuis
1196 2618 1299 2696 enlm,
1316 2617 1407 2701 quod

175 2735 221 2799 ad
238 2733 369 2798 litteras
385 2731 519 2811 attinet,
539 2753 663 2818 scopus
680 2732 725 2798 sit
741 2732 934 2817 theologica
949 2734 1104 2812 facultas,
1124 2755 1243 2819 parum
1258 2753 1333 2798 esse
1346 2733 1409 2796 du·

171 2849 285 2914 cimus
309 2849 352 2914 ad
376 2869 465 2927 eant,
492 2848 736 2934 propemodum
762 2849 937 2933 expulsam
955 2870 974 2914 a
995 2860 1066 2914 tota
1087 2847 1285 2926 Germania,
1309 2849 1409 2914 resti·
1450 2935 1452 2938 Ι

175 2964 355 3042 tuendam,
375 2965 533 3029 doctores
546 2983 763 3048 praeparare,
779 2961 843 3028 nisi
855 2963 957 3029 etiam
975 2976 1009 3030 et
1023 2964 1194 3030 auditores
1207 2985 1408 3048 praeparen-

176 3089 244 3143 tur.
265 3079 467 3158 Auditores,
486 3077 638 3168 inquam,
654 3077 712 3162 qui
724 3090 760 3144 et
773 3077 948 3145 voluntate
961 3080 1119 3165 propensi
1136 3079 1204 3144 sint
1221 3080 1264 3143 ad
1277 3100 1408 3146 sacram

179 3197 271 3262 hanc
287 3194 479 3260 doctrinam
496 3193 598 3260 auide
615 3204 650 3261 et
666 3194 793 3262 deuote
809 3195 1067 3279 capessendam,
1089 3207 1136 3275 et,
1159 3194 1334 3262 intellectu
1358 3194 1408 3258 in-

174 3310 357 3377 ferioribus
373 3307 526 3376 scientiis
537 3309 687 3388 exculta,
702 3311 745 3374 ad
758 3309 1004 3394 proficiendum
1019 3311 1054 3376 in
1066 3312 1185 3378 eadem
1199 3311 1267 3376 sint
1280 3310 1408 3378 idonei.

173 3429 223 3494 Ar
235 3421 509 3510 quotusquisque
522 3423 791 3491 exauditoribus
804 3425 1012 3511 theologiae,
1028 3425 1086 3511 qui
1099 3425 1299 3512 Ingolstadii
1315 3438 1408 3505 sunt,

176 3542 227 3608 sic
244 3541 308 3608 erit
324 3540 529 3626 dispositus?
546 3539 664 3606 Audio
681 3538 820 3605 omnino
842 3541 945 3626 (quod
967 3541 1042 3609 sine
1063 3542 1179 3608 dolore
1201 3563 1268 3606 non
1294 3540 1410 3606 scribo

174 3657 365 3724 rarissimos
382 3677 471 3734 esse,
490 3653 615 3738 quibus
631 3677 701 3720 non
718 3656 875 3734 alterum,
894 3655 922 3721 si
939 3678 1008 3722 non
1026 3667 1207 3741 vtrumque
1224 3657 1323 3725 desit.
1344 3658 1410 3724 Vel

173 3774 266 3840 enim
285 3771 494 3858 theologiam
513 3794 581 3836 nun
599 3783 728 3850 amant,
747 3773 803 3838 rel
818 3783 911 3838 certe
928 3773 971 3838 ad
987 3772 1233 3858 proficiendum
1252 3773 1341 3842 inea
1357 3797 1411 3840 su-

173 3889 244 3954 lida
261 3887 461 3954 inferiorum
482 3887 684 3952 facultatum
701 3908 772 3952 non
788 3889 915 3954 habent
932 3888 1165 3956 fundamenta.

242 4005 322 4071 Ideo
337 4003 381 4068 ad
397 4003 618 4068 instauranda
634 4002 748 4069 studia
765 4003 959 4089 theologiae
974 4004 1154 4070 consilium
1168 4016 1322 4072 nostrum
1335 4009 1411 4078 hocl

173 4130 262 4200 erat,
276 4130 314 4184 vt
331 4119 434 4185 etiam
447 4117 666 4186 serenissimo
679 4117 753 4203 regi
768 4139 986 4184 romanorum
999 4118 1263 4205 significandum
1278 4121 1410 4196 curaui,

174 4247 224 4316 vt,
243 4257 304 4321 pro
322 4257 415 4302 more
432 4234 575 4301 aliorum
599 4243 796 4299 nostrorum
820 4235 1056 4320 collegiorum,
1080 4236 1349 4321 primoquidem
1374 4237 1412 4302 li-

174 4373 324 4430 terarum
340 4349 580 4417 humaniorum
595 4351 741 4417 lectores
755 4361 887 4416 tantum
901 4351 1202 4432 constitueremus
1218 4353 1275 4436 qui
1291 4354 1412 4420 iuuen-

173 4476 281 4534 tutem
300 4466 334 4532 in
357 4465 480 4548 latinis,
500 4465 614 4552 grecis
627 4476 661 4531 et
678 4465 848 4531 hebraicis
864 4466 987 4532 litteris
1003 4489 1064 4552 per
1081 4468 1245 4536 lectiones
1262 4481 1296 4536 et
1312 4473 1413 4535 scho-

227 4731 241 4760 α
278 4717 338 4772 Hic
352 4715 464 4772 desinit
475 4715 582 4788 prima
594 4721 681 4787 pars,
696 4717 793 4780 idest,
809 4718 888 4788 quod
900 4718 954 4772 sub
967 4736 1051 4772 rrum.
1066 4717 1086 4773 6
1099 4719 1280 4776 corrtinefnr.
